2356 3884
514 198 732 252 ..vp-

51 355 53 359 '
113 347 255 431 gendum
278 343 390 429 utique
410 350 503 430 esset,
527 346 720 413 temeritatis
740 349 876 415 subinde
895 373 992 435 quam
1011 353 1133 437 passim

116 451 325 515 obscuritatis
343 451 459 517 vitium
479 452 675 537 deprehendi
695 455 801 519 malui.
829 456 928 521 Velut
942 457 1014 543 ipsa
1028 459 1133 544 prima

114 557 235 642 pagina
257 581 286 622 v.
309 560 426 643 13,14
453 562 572 645 μορίου
599 559 793 647 interposui,
823 563 910 647 quod
938 586 1134 651 quamquam

115 685 175 746 pro
192 663 402 748 exquisitiore
416 664 524 730 nescio
540 688 604 750 quo
618 667 777 732 vocabulo
791 669 936 751 positum
951 675 1008 755 est,
1024 676 1134 738 tamen
1173 715 1177 747 e

114 770 292 834 sententiae
321 773 387 836 fere
416 771 583 840 satisfacit.
628 772 767 838 Omnino
796 778 904 838 autem
932 774 1017 840 liber
1041 778 1133 863 alter,
1167 756 1176 801 ἰ·

114 882 272 961 quatenus
305 878 475 942 restitutus
510 882 571 963 est,
604 879 672 943 sine
705 901 829 944 summa
861 881 896 944 in
924 882 1131 948 coniectando
1165 882 1177 935 ὲ

118 983 250 1048 audacia
277 983 406 1049 restitui
433 1006 499 1049 non
526 988 663 1067 poterat.
710 984 782 1050 Scio
806 1009 838 1071 p.
857 987 909 1070 97,
933 988 972 1052 18
996 987 1168 1069 verbum}-⁸

114 1090 281 1178 ἀπράκτου
314 1113 380 1156 non
409 1090 586 1175 exstitisse,
619 1113 837 1176 synonymum
866 1093 967 1158 oredo.
1018 1092 1133 1178 Neque

115 1197 263 1280 equidem
286 1197 366 1261 mihi
388 1220 455 1262 non
478 1198 667 1264 temerarius
688 1221 757 1264 esse
776 1199 918 1286 videbar,
942 1222 1015 1265 cum
1034 1224 1065 1284 p.
1081 1202 1133 1286 99,

114 1305 156 1369 28
177 1301 430 1390 Ἀπολλόδωρον
456 1304 643 1391 scriberem,
671 1310 704 1370 et
727 1329 758 1390 p.
779 1307 836 1390 99,
855 1309 875 1372 3
896 1302 1057 1392 Ἐφεσίων
1080 1328 1133 1370 au·
1154 1384 1157 1389 Ι

115 1409 222 1473 daciae
241 1410 374 1475 crimine
393 1432 459 1475 non
477 1412 608 1476 carebit.
646 1411 709 1477 Sed
729 1411 911 1477 Usenerum
929 1413 1038 1497 ipsum
1057 1434 1133 1496 quo-

114 1539 176 1600 que
199 1517 235 1580 in
257 1517 316 1582 has
339 1539 433 1582 voces
459 1517 575 1582 deferri
599 1517 762 1602 videbam,
786 1518 994 1583 scitissimum
1017 1519 1132 1584 talium

114 1645 222 1687 rerum
241 1623 488 1688 aestimatorem.
526 1623 587 1688 Est
605 1623 728 1708 aliquid
747 1624 940 1690 audendum:
963 1625 1048 1689 liber
1066 1625 1132 1711 legi

115 1753 211 1814 posse
235 1731 345 1795 debet:
368 1730 419 1794 vel
443 1752 483 1794 ex
507 1752 613 1795 errore
636 1729 782 1795 veritatis
806 1752 902 1814 saepe
921 1731 1045 1796 fructus
1064 1752 1132 1795 suo·

117 1836 231 1901 crescit
256 1842 288 1900 et
311 1837 499 1921 percipitur.

180 1941 243 2007 Sed
266 1943 395 2028 saepius
420 1966 517 2028 quam
536 1943 762 2029 temeritatem,
786 1966 867 2028 quae
887 1965 1015 2028 semper
1032 1944 1133 2007 habet

118 2049 241 2133 aliquid
263 2050 521 2135 vituperationis,
545 2050 731 2116 tarditatem
754 2050 877 2138 ingenii
897 2050 1059 2135 quispiam
1079 2050 1133 2114 ob-

114 2155 272 2242 iurgabit,
302 2179 383 2241 quae
412 2162 498 2222 caret
527 2158 629 2242 culpa.
676 2157 779 2222 Multa
808 2159 876 2223 sine
904 2157 1004 2221 dubio
1032 2156 1133 2238 hiant,

115 2283 196 2342 quae
220 2266 371 2344 poterant
391 2266 505 2328 sanari.
544 2265 700 2348 Concedo,
723 2265 833 2329 Davus
853 2287 933 2346 sum,
956 2285 1022 2327 non
1042 2260 1133 2324 Oedi-

114 2388 185 2450 pus.
231 2365 371 2431 Videant
399 2368 467 2430 alii:
494 2389 554 2433 nee
581 2391 656 2432 vero
683 2389 754 2431 mea
777 2369 811 2430 in
834 2372 1002 2450 posterum
1024 2367 1132 2429 Philo-

116 2473 211 2538 demo
235 2473 337 2537 deerit
361 2495 467 2556 opera.

180 2791 314 2856 Praeter
333 2791 481 2875 exempla
500 2789 717 2875 Neapolitana
735 2790 837 2856 musei
856 2789 938 2875 regii
956 2787 1131 2853 Borbonici

115 2899 304 2984 apographa
324 2898 389 2982 iila,
413 2920 494 2982 quae
514 2897 631 2963 Oxonii
651 2898 868 2981 adservantur,
891 2896 1033 2961 adhibui.
1076 2895 1133 2960 Ar-

115 3028 177 3089 que
196 3005 326 3090 insigni,
346 3027 409 3089 qua
426 3005 508 3069 solet
524 3027 602 3090 esse,
621 3004 823 3092 benignitate
838 3003 1024 3069 Theodorus
1040 3002 1134 3068 Gom-

39 3125 41 3130 '
115 3134 204 3197 pern,
230 3113 347 3178 horum
376 3112 556 3178 studiorum
583 3112 677 3177 facile
706 3112 844 3197 primus,
872 3133 929 3176 sua
952 3110 1032 3174 mihi
1056 3131 1132 3192 apo·

114 3221 253 3304 grapha,
281 3241 362 3303 quae
387 3217 504 3283 Oxonii
528 3218 673 3283 facienda
696 3222 875 3302 curaverat,
902 3215 1072 3300 concessit,
1096 3218 1133 3277 ut

115 3325 180 3388 iam
195 3331 368 3411 antequam
383 3325 508 3391 exirent
523 3331 640 3412 ectypa
654 3325 883 3411 photographa
896 3324 1133 3408 (Herculaneus

109 3435 227 3516 papyri
249 3434 407 3500 Bodleian
427 3433 626 3519 fuesimites),
655 3432 720 3496 illis
748 3431 796 3497 uti
820 3453 956 3514 possem.
1003 3428 1133 3511 Ectypa

114 3537 185 3620 ipsa
209 3543 286 3604 tunc
310 3539 438 3605 demum
463 3540 600 3625 contuli,
625 3561 698 3605 cum
720 3560 837 3624 magna
861 3559 936 3621 pars
959 3533 1133 3600 voluminis
