2356 3884
498 189 721 242 -XL-

169 340 289 416 Quarto
308 338 394 402 libro
413 337 454 400 ad
472 337 600 424 singula
618 338 786 404 rhetorum
804 344 976 423 praecepta
991 341 1118 405 descen-

98 443 179 508 dens
203 445 296 509 illum
319 448 425 509 totum
447 450 641 528 apparatum
659 445 706 509 nil
722 446 827 511 valere
846 446 887 510 ad
904 447 1117 530 persuadendi

100 556 205 616 artem
227 551 279 616 vel
302 551 342 614 ad
365 549 603 616 institutionem
625 552 794 616 liberalem
817 553 952 636 exponit
975 575 1011 617 ac
1029 555 1118 618 fatue

101 657 176 722 illos
207 662 275 722 arte
303 679 360 721 sua
387 661 553 742 tamquam
580 662 714 743 parente
739 658 922 724 litterarum
945 664 977 724 et
1000 660 1119 724 artium

101 763 242 848 gloriari.
281 762 372 839 Quod
395 768 503 828 autem
526 765 558 828 in
583 765 646 828 fine
669 763 766 828 huius
788 763 866 828 libri
889 770 1119 830 commemorat

103 868 185 955 μέρη
214 866 268 934 καὶ
295 869 480 953 διδάγματα
502 880 560 954 τῆς
583 870 757 955 ῥητορικῆς
784 868 879 956 (223,
903 873 936 955 6,
962 869 1010 957 7),
1037 871 1119 935 illud

102 976 142 1039 ad
170 975 292 1039 librum
314 973 433 1061 1-111‚
461 977 523 1039 hoc
551 975 591 1038 ad
617 975 740 1040 librum
764 974 812 1041 IV
834 976 1037 1041 referendum
1061 981 1117 1040 est.

104 1081 247 1164 Cumque
281 1081 384 1145 adhuc
416 1081 594 1146 rhetoricae
626 1086 736 1166 partes
769 1103 806 1146 oe
833 1087 1007 1167 praecepta
1035 1082 1119 1146 nihil

103 1188 255 1271 prodesse
289 1187 544 1253 demonstratum
577 1188 633 1273 sit,
669 1189 837 1272 aptissime
870 1213 903 1255 se
936 1189 1119 1253 additurum

103 1293 357 1377 disputationem
376 1294 540 1378 promittit
563 1295 598 1360 in
620 1296 684 1359 fine
706 1295 804 1361 huius
826 1295 913 1381 libri,
937 1317 1000 1381 qua
1022 1295 1119 1358 etiam

102 1422 217 1464 nocere
254 1400 365 1464 fraude
402 1401 538 1465 mixtam
574 1401 768 1467 rhetoricam
805 1405 968 1486 appareat.
1029 1401 1120 1478 Quod

102 1506 188 1570 libro
211 1506 243 1571 V
266 1506 451 1590 expositum
475 1530 544 1573 esse
567 1509 634 1573 veri
658 1507 761 1573 simile
785 1512 843 1573 est.

393 1803 441 1856 Da
465 1803 667 1870 argumento
690 1799 769 1855 libri
791 1800 831 1856 V.

173 1931 236 1995 Hic
255 1931 348 2016 liber,
368 1954 463 2016 quem
483 1931 597 2016 quinto
616 1932 687 1996 loeo
706 1932 810 2017 posui,
829 1955 868 1996 ex
884 1954 1009 2016 papyro
1026 1934 1121 2018 1669,

106 2060 188 2121 quae
213 2037 364 2102 continua
388 2041 446 2122 est,
470 2041 502 2101 et
525 2037 660 2122 papyris
679 2039 753 2121 220,
774 2040 868 2124 1078,
889 2040 976 2105 1080
994 2043 1121 2103 constat

105 2143 158 2230 (cf.
181 2168 212 2228 p.
231 2143 315 2231 XH).
352 2144 444 2221 Quod
468 2149 500 2208 et
523 2149 713 2232 argumento
738 2149 770 2208 et
794 2146 898 2209 forma
921 2145 1129 2231 singularum,

106 2250 248 2332 partium
272 2251 484 2315 demonstrari
507 2256 625 2334 potest.
661 2251 737 2318 Non
756 2255 865 2335 potest
884 2275 944 2335 pro
964 2257 1051 2316 certo
1071 2253 1122 2315 de-

106 2355 278 2419 monstrari
305 2356 391 2419 hunc
413 2356 535 2421 librum
559 2357 709 2441 quintum
732 2380 815 2442 esse,
843 2357 928 2441 quod
951 2357 1030 2420 mihi
1055 2357 1122 2440 qui·

107 2462 179 2526 dem
207 2484 246 2525 ex
274 2460 325 2525 his
352 2459 533 2526 Philodemi
561 2464 621 2527 sub
650 2464 747 2527 finem
774 2463 851 2528 libri
880 2463 986 2547 quarti
1013 2463 1123 2527 verbis

104 2569 171 2633 veri
206 2567 310 2632 simile
343 2567 526 2632 videbatur:
565 2569 615 2634 ὅτι
647 2568 702 2634 καὶ
733 2570 881 2654 βλάπτει,
901 2576 1123 2654 προστεθεῖσα

107 2676 256 2759 ἀπάταις,
280 2677 327 2753 εἰς
350 2677 452 2741 ἄλλον
471 2678 589 2762 καιρὸν
607 2675 701 2761 ἡμεῖς
718 2677 1002 2762 ὑπερβαλλόμεθα.
1037 2675 1123 2742 Nam

105 2783 167 2844 hoc
191 2783 299 2864 ipsum
323 2787 371 2847 est
395 2786 622 2868 argumentum
645 2782 741 2847 huius
763 2782 850 2867 libri,
874 2782 1067 2847 rhetoricam
1090 2786 1125 2844 et

106 2886 152 2948 rei
181 2887 331 2968 publicae
360 2892 392 2952 et
420 2889 501 2973 ipsis
529 2889 713 2954 oratoribus
738 2910 866 2973 nocere,
896 2888 983 2972 quod
1005 2886 1123 2952 Sextus

106 2991 225 3075 aliique
254 2993 445 3075 proferendo
474 2995 668 3060 rhetoricam
695 3000 797 3059 artem
823 3016 892 3057 esse
915 2998 1123 3080 negaverunt.

107 3097 169 3163 Sed
193 3121 255 3183 quo
280 3099 374 3163 modo
399 3122 523 3185 cunque
547 3125 598 3167 res
617 3106 674 3187 est,
697 3123 791 3166 nemo
810 3123 871 3185 me,
895 3101 1019 3185 opinor,
1041 3099 1124 3163 vitu-

107 3207 236 3289 perabit
260 3207 306 3270 ita
328 3206 586 3273 ratiocinantem:
611 3209 762 3293 quoniam
780 3207 989 3272 Philodemus
1007 3206 1042 3270 in
1060 3208 1125 3271 fine

106 3311 183 3375 libri
203 3313 300 3396 primi
324 3318 356 3377 et
380 3313 511 3378 secundi
534 3315 572 3379 de
594 3320 785 3401 argumento
805 3315 1027 3399 proximorum
1046 3314 1126 3400 agit,

106 3417 174 3480 reri
203 3419 307 3483 simile
335 3424 384 3484 est
412 3442 485 3484 eum
508 3419 662 3486 hocloco
687 3421 793 3506 quinti
817 3422 1024 3505 potissimum
1046 3420 1126 3484 libri

103 3529 334 3608 argumentum
357 3526 556 3591 adumbrare.
602 3526 665 3593 Sed
687 3527 766 3593 haec
790 3528 855 3593 scio
880 3528 978 3592 dubia
1002 3549 1079 3592 esse.
