2356 3884
474 159 627 213 —XVI
672 187 716 196 —

155 309 273 374 Contra
298 308 397 373 alium
420 308 556 391 librum,
584 308 674 374 cuius
697 309 813 375 titulus
838 311 1023 394 deperditus
1046 320 1104 398 est,

87 439 126 480 ex
149 416 211 479 hoc
235 414 354 480 maiore
372 413 553 479 Philodemi
578 415 615 479 de
639 416 799 481 rhetorica
818 439 916 503 opere
935 424 1102 502 sumptum

87 544 156 587 esse
172 525 263 606 pulc,
282 543 356 605 pap.
374 521 460 586 1004
475 551 516 573 =
531 519 659 586 111²f01.
677 524 860 589 110-209.
889 523 981 601 Quod
995 546 1103 608 quam·

87 650 184 712 quam
203 627 413 692 demonstrari
432 649 499 692 non
517 631 636 712 potest,
654 650 714 713 per
732 650 766 692 se
785 628 894 711 ipsum
912 631 979 695 veri
999 630 1102 696 simile

87 739 145 819 est,
163 734 227 798 nisi
246 735 331 798 forte
350 732 437 798 aliud
455 734 622 818 probatur.
654 733 735 798 Mihi
751 733 881 817 quidem
896 740 928 799 et
943 735 1104 801 scribendi

87 845 120 905 et
147 839 393 926 argumentandi
421 839 503 905 ratio
532 844 602 905 tota
624 839 805 905 Philodemi
834 862 902 905 esse
925 841 1104 906 videbatur.

155 947 205 1013 Ne
229 947 411 1034 fragmenta
435 946 564 1031 quidem
588 951 723 1032 excepto
748 968 811 1010 uno
836 946 944 1010 omnia
962 946 1105 1029 recipere

88 1076 124 1118 ac
142 1053 304 1118 vindicare
317 1052 507 1118 Philodamo
527 1052 681 1117 dubitavi.
714 1051 799 1118 Nam
818 1074 869 1116 mc
888 1051 992 1117 iudice
1006 1053 1105 1117 mani·

88 1161 208 1224 fastum
228 1164 277 1224 est
294 1182 354 1225 nos
374 1159 607 1225 bibliothecam
625 1158 677 1224 vel
695 1158 805 1244 potius
819 1159 973 1245 reliquias
988 1159 1105 1223 biblio-

89 1266 201 1331 thecae
220 1266 402 1332 Philodemi
420 1267 549 1331 habere.
581 1264 743 1331 Plurimae
763 1267 882 1350 papyri
899 1288 1019 1330 nomen
1038 1266 1106 1330 eius

89 1394 166 1456 prae
195 1395 229 1437 se
252 1372 368 1437 ferunt.
414 1357 518 1436 Multa
542 1371 594 1435 bis
618 1375 743 1436 servata
766 1369 854 1453 sunt,
883 1370 985 1435 multa
1008 1371 1106 1455 pluri-

89 1480 151 1544 bus
189 1479 286 1545 etiam
323 1477 571 1563 exemplaribus.
621 1477 721 1542 Velut
758 1477 835 1540 libri
868 1476 1013 1563 alterius,
1050 1478 1106 1562 qui

91 1586 218 1651 duobus
251 1584 412 1650 continuis
445 1584 685 1669 exemplaribus
718 1583 856 1649 traditus
887 1588 949 1668 est,
981 1588 1107 1668 septem

92 1693 157 1777 (vel
174 1689 306 1778 novem)
329 1694 497 1776 praeterea
519 1692 776 1778 fragmentorum
799 1690 968 1755 fasciculos
991 1690 1026 1753 in
1044 1712 1107 1753 ma-

90 1800 188 1864 nibus
211 1804 372 1883 tenemus,
399 1821 430 1883 p.
454 1800 529 1883 408,
552 1799 631 1883 409,
658 1798 738 1882 425,
764 1799 862 1881 1019,
888 1798 987 1881 1086,
1005 1798 1108 1883 71117,

93 1906 186 1970 1580.
218 1903 267 1969 Α9
285 1903 361 1969 licet
380 1904 460 1969 duae
479 1909 584 1969 tresve
602 1905 857 1990 fragmentorum
872 1903 970 1968 series
984 1901 1107 1987 quippe

92 2011 186 2075 unius
217 2010 378 2094 quondam
408 2010 553 2097 integrae
583 2009 701 2096 papyri
729 2014 838 2095 partes
867 2008 1107 2095 coniungendae

78 2118 171 2200 saint,
208 2118 294 2202 quod
326 2118 539 2184 demonstrari
571 2140 667 2203 posse
695 2140 793 2203 nego,
826 2109 898 2201 quis
926 2120 976 2180 tot
1004 2137 1108 2182 exem-

92 2223 196 2308 plaria
222 2225 403 2290 Philodami
436 2226 471 2289 in
502 2247 560 2289 sua
593 2247 662 2290 esse
690 2224 890 2289 bibliotheca
917 2243 1032 2306 passus
1066 2220 1108 2283 sit

92 2330 155 2395 nisi
178 2329 409 2395 Philodemus?

160 2435 271 2502 Unum
298 2437 335 2499 fr.
364 2436 405 2499 ab
433 2435 485 2499 his
513 2433 746 2519 seiungendum
775 2433 855 2517 dixi,
888 2432 974 2515 quod
1002 2433 1109 2493 exstat

94 2540 154 2608 Na
172 2542 227 2607 fol.
249 2542 421 2607 182-191
448 2545 480 2605 et
502 2540 761 2606 191204-208.
800 2537 1000 2620 Quamquam
1024 2535 1110 2598 anim

94 2650 128 2714 in
160 2649 265 2713 media
291 2647 473 2712 Philodemi
505 2649 544 2710 de
577 2645 736 2730 potimatis
769 2643 908 2708 diatriba
939 2642 1109 2725 invenitur,

94 2762 203 2820 tamen
231 2755 270 2819 de
297 2753 457 2817 rhetorica
485 2755 597 2836 aperte
627 2754 683 2814 est.
692 2746 717 2836 ¹)
761 2749 830 2815 Nec
854 2746 1003 2831 dubium,
1031 2747 1110 2831 quin

94 2863 150 2926 illa
177 2860 316 2925 frustula
342 2880 408 2923 non
436 2859 501 2949 sint
523 2857 676 2942 Epicurei
704 2855 881 2939 cuiusdam3
911 2852 1011 2918 Stoici
1040 2876 1109 2918 esse

96 2973 191 3054 recte,
215 2966 341 3052 opinor,
363 2965 526 3031 Usenerus
549 2963 641 3047 Epio.
661 2987 692 3048 p.
706 2964 772 3029 414
796 2985 819 3026 s.
836 2985 864 3025 v.
888 2961 1111 3045 Ναυσιφάνης

96 3080 128 3139 et
155 3077 218 3140 401
249 3097 272 3139 s.
295 3097 324 3138 v.
349 3070 597 3156 Ἀπολλοφάνης
629 3069 769 3135 adnotat.
819 3069 871 3132 Ex
904 3068 1023 3152 quibus
1050 3065 1110 3131 IV2

96 3182 236 3247 solaco
261 3181 307 3246 sic
328 3179 492 3247 Usenerus
516 3176 688 3262 expressit:
716 3177 796 3261 μετὰ
819 3186 921 3241 ταῦτα
944 3177 1027 3259 πρὸς
1049 3174 1110 3256 τὴν

97 3289 216 3372 τέχνην
247 3291 281 3353 τί
308 3289 349 3371 δὴ
380 3285 536 3371 λέγουσιν
566 3282 638 3349 ἄλλ’
667 3284 687 3368 ἢ
718 3286 925 3369 »φιλόσοφος
955 3281 1038 3366 ἀνὴρ
1070 3279 1110 3344 οὐ

170 3517 195 3584 1)
214 3516 248 3570 cf.
268 3515 409 3572 Hausrath
428 3514 481 3571 11.
501 3532 528 3584 p.
544 3519 604 3569 217.
