2356 3884
458 167 499 176 -
546 139 665 194 XXXIII
711 169 752 176 -

92 293 223 358 toribus
247 289 524 354 demonstravisse.
564 288 613 353 Ac
636 289 778 354 sentiens
801 288 1011 355 Philodemus
1035 290 1115 356 Her-

93 397 219 463 marchi
246 395 433 462 testimonio
460 395 543 458 nihil
571 396 637 460 fere
662 396 745 460 effici
770 396 871 463 addit:
898 397 1114 483 παρεθέμεθα

93 502 133 572 δὲ
156 502 212 569 καὶ
234 505 292 579 τὰς
315 500 368 568 ἐπὶ
390 511 470 566 πᾶσι
493 500 606 585 λέξεις,
630 508 664 567 st'
681 525 726 591 τῳ
747 505 920 586 γενήσεται
939 507 1040 588 φίλον
1058 505 1113 570 καὶ

93 612 217 687 ταύτας
243 611 347 694 ἔχειν,
379 608 440 673 οὐκ
468 607 682 692 ἀγνοοῦντες,
713 607 763 673 ὅτι
790 612 869 695 περί
892 632 984 686 τινος
1010 612 1114 676 ἄλλου

93 717 234 795 δόξουσι
252 713 306 780 καὶ
327 712 402 800 οὐχὶ
419 713 495 800 περὶ
513 723 574 779 τοῦ
592 712 812 801 προκειμένου
830 716 1114 801 καταγεγράφθαιὲ

94 823 149 908 85,
170 823 310 887 19-27.
347 820 475 884 Tertius
498 820 620 885 accedit
638 820 851 906 Metrodorus,
875 821 930 906 qui
949 822 1055 906 primo
1076 826 1114 889 de

95 927 256 1015 poematis
283 927 370 990 libro
399 925 609 1009 sophisticam
637 930 739 991 artem
768 950 837 991 esse
861 928 1020 994 disseruit.
1068 930 1114 995 Of.

96 1039 150 1120 86,
168 1035 289 1117 4-89,
310 1034 362 1118 29,
387 1055 482 1116 quem
505 1033 612 1097 Iocum
636 1033 727 1098 doleo
752 1034 839 1118 quod
861 1056 927 1099 non
950 1035 1114 1122 integrum

99 1142 177 1205 dare
199 1138 302 1224 potui.

163 1245 294 1310 Auditis
316 1244 481 1330 magistris
504 1245 653 1328 aequales
677 1245 849 1309 adversarii
868 1246 1115 1331 perlustrantur,

93 1353 308 1436 audimusque
331 1351 452 1435 Rhodi,
481 1352 616 1435 Romae,
645 1349 715 1435 coi,
737 1349 878 1416 Athenis
901 1353 1114 1438 disputantes,

96 1464 267 1542 certantes,
292 1463 490 1543 quaerentes,
515 1458 592 1543 quid
609 1457 771 1542 Epicurus
791 1459 829 1522 de
848 1459 1026 1543 sophistica
1044 1462 1114 1525 rhe-

95 1566 200 1632 torica
232 1565 396 1648 statuerit,
428 1565 486 1629 ubi
519 1565 682 1649 statuerit,
715 1565 984 1649 quemadmodum
1015 1569 1115 1632 verba

14 1665 17 1672 ’
97 1673 168 1737 eius
200 1671 442 1755 interpretanda
475 1670 548 1736 sint.
599 1671 758 1758 Tempora
790 1675 958 1735 mutantur
988 1677 1020 1736 et
1049 1695 1114 1736 non

96 1781 273 1843 mutantur.
318 1776 388 1843 Nec
416 1777 502 1841 enim
529 1776 649 1841 maiore
675 1776 834 1841 industria
857 1777 908 1840 vel
931 1777 1114 1843 subtilitate

95 1884 202 1949 nostri
230 1885 424 1968 interpretes
451 1887 600 1948 utuntur:
634 1904 828 1968 quamquam
856 1884 1055 1949 conviciandi
1078 1886 1114 1949 li

98 1993 226 2056 bertatc
248 2012 308 2054 nos
332 1992 373 2053 ab
397 1989 462 2053 illis
486 1988 632 2073 superari
654 1990 748 2054 facile
773 1989 943 2072 patiemur.

166 2096 311 2161 Primum
343 2102 452 2160 autem
483 2095 521 2159 de
555 2095 715 2159 rhetorica
747 2098 906 2158 certantes
933 2096 1052 2159 Rhodii
1082 2102 1114 2160 et

96 2202 237 2268 Romani
256 2202 451 2267 inducuntur
469 2200 537 2288 (89,
554 2202 592 2265 11
606 2197 699 2285 sqq),
724 2220 859 2283 quorum
878 2199 935 2283 illi,
957 2200 992 2265 ni
1011 2201 1115 2287 fallor,

96 2313 203 2374 artem
234 2308 358 2393 dicunt,
389 2308 424 2372 hi
456 2311 585 2394 negant.
642 2305 687 2370 cf.
721 2305 974 2390 disputationem
1007 2309 1114 2374 Rhodi

98 2415 246 2480 habitam
273 2416 330 2500 90,
355 2416 449 2480 1-6.
494 2414 619 2478 Deinde
651 2413 784 2498 ironice,
817 2414 946 2500 opinor,
979 2416 1115 2480 duorum

98 2522 239 2588 Ooorum
261 2521 382 2586 mentio
406 2521 453 2605 fit,
477 2542 612 2604 quorum
632 2521 713 2585 alter
732 2521 770 2584 de
788 2525 900 2585 nostra
918 2522 1115 2605 quaestione,

98 2630 184 2693 sitne
217 2651 268 2693 ars
302 2627 479 2711 sophistica
510 2626 683 2711 rhetorica,
716 2627 750 2691 in
779 2626 933 2691 Convivio
961 2630 994 2690 et
1020 2626 1115 2692 libris

97 2733 175 2819 περὶ
191 2738 276 2819 βίον
294 2734 429 2818 Epicuri
436 2732 461 2820 1)
482 2734 597 2799 stolide
617 2756 653 2798 ac
672 2736 793 2798 frustra
811 2732 1015 2817 quaesiverit,
1034 2733 1116 2799 alter

99 2841 171 2925 ipse
195 2841 325 2925 quidem
342 2840 474 2924 nesciat,
498 2839 555 2903 ubi
574 2841 635 2904 hoc
655 2839 855 2924 diiudicetur,
878 2839 1015 2906 scientes
1035 2840 1116 2905 sciat

96 2946 238 3012 Athenis
265 2947 379 3011 vivere.
428 2945 556 3010 Tertius
585 2945 715 3028 quidam
741 2944 880 3010 Athenis
907 2951 1055 3011 mortuus
1083 2951 1116 3009 et

99 3054 234 3120 eandem
261 3054 328 3117 fere
354 3075 450 3137 quam
472 3050 680 3116 Philodemus
704 3052 897 3116 sententiam
921 3056 1050 3116 secutus
1074 3051 1114 3112 ab

100 3159 164 3224 alio
183 3159 403 3246 impugnatur,
426 3159 482 3244 qui
499 3159 622 3223 nullam
642 3159 772 3223 omnino
791 3157 969 3222 rhetoricae
988 3159 1115 3238 partem

98 3271 203 3330 artem
227 3288 296 3331 esse
318 3270 420 3349 putat.
458 3264 597 3341 Quartus
616 3287 647 3347 p.
662 3267 715 3348 92,
729 3263 870 3346 33-95,
887 3263 925 3326 17
947 3261 1115 3341 refutatur,

99 3403 315 3410 -—.—..--

174 3496 204 3562 1)
219 3493 281 3548 Hoc
298 3493 418 3548 fortasse
437 3498 480 3564 90,
499 3497 604 3550 27-29
624 3491 705 3545 latet.

155 3592 325 3645 Pmonms,
339 3592 374 3634 cd.
389 3593 500 3635 Sudhaus.
890 3594 907 3633 t,
