2356 3884
457 203 499 210 -—
545 173 647 229 XLVII
696 201 736 210 —·

83 321 307 413 (XI—XH).¹)
353 322 505 387 Sentiunt
529 323 626 387 etiam
649 324 733 388 mala
758 323 890 388 consilia
914 324 1007 409 cives,
1031 326 1101 389 ode-

83 438 162 497 runt
193 430 276 494 male
305 429 507 494 consulentes
535 434 568 493 et
595 429 764 495 infortunii
793 434 952 515 auctores7
984 431 1102 496 iterum

83 536 219 603 consilia
247 536 399 600 dantibus
427 535 591 618 diffidunt,
622 537 741 601 nedum
768 536 939 622 magnifica
967 537 1008 601 ab
1037 537 1102 601 illis

84 646 288 728 exspectent,
319 646 356 706 ut
382 642 442 706 hos
471 642 569 706 etiam
596 664 721 706 summa
749 644 811 707 fide
840 646 1103 728 argumentantes

83 772 180 837 aegre
203 751 309 815 ferant
332 747 552 836 (XIII—XV).

152 856 216 922 Gur
234 860 341 921 autem
362 855 515 939 physicus
534 855 740 938 potissimum
758 859 908 922 naturam
926 856 1100 920 humanam

83 963 197 1029 novit?
243 962 296 1028 An
318 984 394 1026 vero
419 961 663 1047 elementorum,
687 962 807 1046 quibus
830 965 1022 1046 constamus,
1044 984 1100 1026 no-

84 1069 158 1134 titia
182 1068 317 1133 enixus?
354 1066 416 1132 Sed
438 1068 500 1132 hoc
523 1068 694 1132 ridiculum
718 1072 766 1132 est
790 1066 866 1155 (XV
880 1065 958 1153 fin).
988 1067 1101 1152 Physi-

85 1198 140 1241 cos
168 1175 214 1240 ita
242 1174 464 1262 eligendorum
487 1179 520 1238 et
542 1174 770 1260 fugiendorum
792 1174 951 1239 rationem
973 1173 1101 1238 novisse

83 1282 132 1346 illi
156 1286 284 1367 putant,
307 1286 343 1346 ut
367 1303 448 1366 quae
471 1280 566 1365 plebs
589 1280 700 1363 cupiat
718 1284 774 1344 aut
792 1279 979 1345 reformidet
998 1280 1101 1344 sciant

84 1393 116 1452 et
144 1389 184 1453 ad
208 1410 278 1452 eam
300 1410 447 1453 normam
470 1387 691 1471 persuadeant.
737 1385 800 1452 Sed
821 1408 862 1451 ne
886 1387 948 1451 hcc
971 1386 1100 1470 quidem

84 1499 171 1560 certa
198 1494 445 1559 ratiocinatione
472 1493 574 1558 evinci
602 1498 724 1578 potest,
753 1493 831 1577 quid
854 1493 989 1577 quisque
1012 1491 1100 1576 velit,

82 1601 236 1686 volgique
269 1600 379 1684 opinio
413 1603 446 1663 et
473 1599 622 1664 voluntas
649 1599 859 1665 multifariam
886 1599 1100 1662 immutantur

84 1704 355 1794 (XVI-XVHI)‚
383 1710 419 1770 ut
443 1707 471 1771 si
494 1706 557 1770 sibi
580 1706 646 1771 vim
670 1711 702 1771 et
725 1711 828 1770 artem
852 1707 993 1788 sumant,
1018 1726 1099 1787 quae

84 1813 196 1896 utique
225 1812 429 1897 persuadeat,
454 1813 490 1877 ei
519 1813 606 1896 apud
633 1813 792 1897 populum
819 1813 909 1877 locus
938 1832 1006 1875 esse
1033 1832 1099 1876 non

84 1919 201 2002 possit3
224 1920 251 1984 si
275 1941 348 1984 cum
372 1919 470 1984 dubio
494 1923 611 1984 eventu
634 1924 746 2004 artem,
768 1919 832 2003 ipsi
855 1918 961 1984 nolint
984 1914 1098 2005 (XIX).

85 2076 136 2088 ...
159 2025 244 2090 Eum
267 2026 421 2090 subtilem
445 2030 477 2090 et
501 2026 588 2091 omni
609 2026 702 2090 laude
721 2026 920 2091 cumulatum
939 2028 1099 2089 oratorem

84 2153 153 2194 esse
172 2130 323 2216 iudicant,
346 2132 397 2196 cui
416 2132 511 2215 plebs
531 2132 742 2216 obtemperet.
762 2182 812 2195 ...
837 2130 972 2213 Sapiens
990 2132 1099 2193 autem

81 2258 142 2299 nec
165 2236 323 2302 rhetorice
347 2238 555 2322 persuadebit
577 2260 636 2303 nec
655 2239 695 2303 ad
713 2237 913 2303 voluntatem
931 2235 1099 2300 hominum

82 2342 243 2424 loquetur.
288 2342 400 2428 Itaque
427 2368 467 2409 ne
491 2350 562 2410 tum
586 2345 715 2429 quidem
738 2343 831 2409 illum
853 2342 997 2427 audient,
1026 2364 1098 2406 cum

83 2449 167 2513 forte
188 2448 229 2512 ad
246 2449 447 2517 voluntatem
465 2452 625 2538 loquetur,
647 2452 766 2517 nedum
784 2451 833 2534 iis,
857 2472 938 2535 quae
957 2448 1098 2531 suadeat,

83 2555 318 2640 obtemperent.
363 2557 466 2623 Immo
495 2560 570 2643 quia
598 2560 666 2625 eius
695 2558 828 2624 consilio
852 2556 1010 2622 molestiis
1033 2555 1098 2618 iam

83 2661 231 2727 incidisse
249 2663 455 2749 videbuntur,
474 2687 548 2730 eum
567 2666 664 2731 etiam
679 2665 806 2731 oderint
820 2656 1039 2750 (XX-XXI).
1057 2697 1094 2706 —

82 2767 208 2855 Itaque,
241 2769 348 2855 inquit
375 2770 444 2855 ille,
474 2772 520 2836 sic
548 2772 768 2856 persuadebit,
796 2774 832 2834 ut
860 2768 992 2854 volgum
1019 2788 1099 2831 nun·

83 2898 180 2960 quam
201 2876 269 2941 eius
288 2876 461 2961 paeniteat,
485 2879 572 2962 quod
590 2879 734 2944 suaserit.
767 2876 839 2941 Hoc
856 2897 930 2940 vere
950 2878 999 2938 est
1018 2873 1099 2937 illud

83 2984 139 3048 διὰ
166 2994 233 3048 τῶν
262 2987 503 3068 συμφερόντων
531 2985 827 3070 συμβουλεύεσθαι.
874 2980 937 3047 Sed
967 2978 1098 3043 difficile

82 3093 131 3153 est
153 3088 200 3153 ita
223 3089 397 3154 consulere.
433 3089 519 3157 Nam
541 3095 576 3157 et
598 3089 662 3174 ipsi
685 3109 828 3169 oemmus
851 3090 885 3151 et
907 3108 959 3150 res
979 3106 1097 3148 rerum-

81 3215 144 3278 que
168 3199 301 3260 eventus
325 3200 412 3261 certa
435 3196 676 3280 computatione
695 3174 923 3279 *comprehendi
942 3211 1008 3254 non
1026 3211 1098 3272 pos-

81 3306 165 3366 sunt.
264 3301 333 3368 Neo
356 3301 541 3386 prospicere
566 3302 681 3387 omnia,
704 3323 786 3388 quae
810 3297 904 3383 plebs
927 3295 1015 3381 velit,
1037 3317 1097 3360 nec

153 3532 180 3599 1)
198 3529 271 3584 talia
288 3529 346 3584 fere
364 3530 455 3585 latere
475 3530 590 3586 credidi.
