2356 3884
500 243 713 297 -ῃ-

165 477 216 532 De
239 474 351 530 forma
372 485 581 544 papyrorum
604 477 639 530 et
660 474 728 530 fide
751 475 1036 544 apographorum.

162 607 312 691 Papyrus
338 608 423 671 1427
443 637 485 658 =
499 604 544 668 V²
567 605 620 670 fol
640 608 773 672 26-35
795 608 892 670 finem
915 607 1013 690 primi
1035 608 1112 671 libri

96 712 250 778 eontinet.
295 712 438 776 Iitterae
461 717 627 795 tamquam
650 713 796 798 fiagiente
819 712 941 777 calamo
965 719 1113 778 exaratae

97 823 181 883 sunt.
226 819 331 883 Multa
354 822 487 902 mutata,
511 817 625 901 deleta,
647 819 771 883 adiecta
794 824 877 883 sunt.
922 819 1114 904 Papyrusa

97 947 222 989 summo
251 924 292 989 ad
313 924 416 988 imum
438 924 565 989 fissuris
588 924 748 1008 dirempta
770 926 849 989 satis
872 930 982 989 tamen
1004 927 1045 989 ad
1067 950 1113 990 re·

95 1032 296 1096 stituendum
322 1035 452 1094 textum
478 1031 605 1116 integra
633 1035 691 1094 est.
736 1030 920 1115 Utrumque
949 1031 1115 1117 exemplar

96 1143 130 1202 et
154 1136 256 1202 Oxon.
279 1141 314 1200 et
335 1135 440 1220 Neap.
464 1135 606 1200 eiusdem
629 1136 696 1200 fere
720 1137 818 1220 pretii
842 1142 900 1201 est.

164 1243 312 1327 Papyrua
344 1244 431 1308 1674
454 1274 497 1296 =
520 1240 580 1306 IV²
609 1245 763 1308 42—108
797 1248 925 1327 partem
957 1245 1034 1308 libri
1067 1268 1113 1309 se-

95 1349 192 1414 eundi
222 1349 374 1413 eontinet.
420 1347 585 1432 Fortasse,
618 1348 694 1431 quia
722 1349 775 1412 hie
803 1348 887 1413 liber
914 1349 983 1414 sine
1011 1350 1110 1414 dubio

96 1457 294 1542 permagnus
316 1455 393 1538 fuit,
417 1455 528 1520 charta
551 1455 691 1519 scribam
715 1455 839 1520 defecit.
885 1455 948 1521 Sed
971 1457 1014 1520 sit
1038 1479 1114 1520 sane

95 1584 172 1628 casu
194 1585 261 1628 non
283 1562 455 1647 perfectae,
478 1565 564 1625 eerte
587 1562 693 1626 medio
717 1563 823 1646 eapite
843 1563 1045 1646 interruptus
1064 1567 1114 1626 est

94 1670 187 1734 liber.
224 1669 349 1733 Ductus
372 1668 554 1733 litterarum
573 1668 712 1753 simplex
731 1674 790 1752 est,
813 1669 950 1755 paginae
969 1670 1112 1753 optimae

95 1776 259 1841 interdum
282 1780 315 1840 et
338 1775 509 1841 continuae
533 1798 668 1860 semper.
705 1775 903 1859 Exemplum
925 1775 1112 1858 Neapolita-

94 1904 174 1947 num
197 1882 386 1968 diligentius
409 1883 591 1946 confectum
614 1887 647 1946 et
670 1882 813 1948 melioris
836 1903 913 1946 usus
937 1886 999 1966 est,
1030 1879 1112 1946 Oxo-

95 1987 201 2053 niensi
232 1993 354 2073 tamen,
386 1989 473 2072 quod
507 1990 593 2054 1825
626 1989 749 2054 editum
779 1993 842 2072 est,
873 1988 950 2053 lieet
980 1989 1111 2053 omnino

95 2093 201 2180 magis
224 2098 412 2177 corruptum
435 2094 491 2179 sit,
517 2094 620 2158 multa
643 2099 752 2159 tamen
774 2094 981 2178 corriguntur
1004 2098 1037 2156 et
1060 2116 1112 2157 ex·

98 2201 238 2286 plentur.

161 2307 310 2390 Papyrus
335 2308 421 2372 1612
451 2307 548 2370 finem
578 2304 656 2369 libri
684 2303 817 2368 alterius
845 2302 978 2368 exhibet
1003 2335 1044 2357 =
1068 2303 1112 2369 V²

94 2414 236 2478 36-76.
273 2412 470 2477 Litterarum
493 2413 607 2476 duetus
631 2412 788 2477 siminus
812 2412 941 2498 elegans
965 2416 999 2476 at
1018 2412 1112 2476 fortis

93 2524 128 2584 et
151 2518 253 2583 virilis
277 2524 335 2584 est.
379 2519 486 2584 Nimis
510 2519 612 2583 multa
635 2524 777 2584 eorreeta
800 2525 875 2585 sunt
899 2518 995 2606 (puto
1015 2540 1112 2582 manu

94 2623 223 2712 aliena).
255 2624 359 2708 Neap.
378 2625 544 2709 exemplar
567 2631 711 2709 praestat
735 2625 913 2712 diligentia,
937 2624 995 2690 Ox.
1010 2625 1113 2708 eopia,

92 2753 207 2796 verum
225 2732 365 2814 pessime
384 2731 583 2814 descriptum
602 2737 661 2818 est,
679 2737 716 2796 ut
736 2733 872 2796 subinde
891 2754 931 2795 ex
950 2731 1029 2795 totis
1045 2754 1112 2795 ver-

93 2838 201 2922 sibus,
225 2838 281 2921 qui
304 2838 424 2924 integri
447 2837 645 2923 viderentur,
668 2839 751 2903 nihil
775 2838 945 2903 elicuerim.

163 2944 313 3027 Papyrus
335 2946 419 3010 1423
439 2977 482 2998 =
501 2943 560 3007 lll1
579 2968 610 3028 p.
632 2948 730 3028 lsqq.
751 2945 805 3009 dat
824 2945 966 3029 priorem
985 2949 1112 3028 partem

94 3050 175 3115 libri
199 3050 314 3133 quarti.
360 3050 492 3116 Summa
515 3056 583 3114 arte
608 3055 640 3115 et
664 3052 824 3137 elegantia
848 3051 1038 3136 magnisque
1061 3050 1112 3113 lit·

92 3155 175 3221 teris
208 3156 408 3240 conscriptus
442 3162 505 3242 est,
537 3162 573 3221 ut
600 3157 656 3221 vix
685 3157 807 3240 aliquid
835 3161 959 3221 mutare
989 3156 1114 3219 audeas.

91 3262 298 3348 Apographo
332 3267 441 3329 tamen
477 3263 535 3329 Ox.
572 3263 727 3329 nonnulla
765 3262 981 3327 emendantur.
1041 3259 1112 3324 Hoc

92 3369 195 3434 etiam
218 3369 279 3432 sub
304 3369 401 3434 finem
424 3370 616 3457 paginarum
640 3369 772 3434 uberius
796 3371 852 3432 est.

161 3475 320 3559 Papyrus‚
344 3498 424 3559 quae
448 3477 582 3542 alteram
601 3479 728 3560 partem
746 3473 823 3538 libri
843 3471 949 3556 quarti
969 3472 1112 3537 eontinet

92 3581 152 3670 (=
177 3580 237 3646 ΧΙΙ
268 3586 350 3666 part.
374 3581 432 3671 Π),
462 3584 496 3648 in
527 3584 605 3647 duas
636 3583 745 3663 partes
776 3578 892 3666 divisa,
921 3577 975 3642 rel
1002 3578 1118 3662 potius
