2356 3884
468 172 621 226 -XIV
668 201 710 208 —

82 328 239 408 quantum
258 321 387 406 quidem
401 320 535 385 iudicari
550 324 668 404 potest,
686 321 794 385 omnia
807 321 859 385 vel
873 299 975 406 paene
990 324 1098 388 omnia

80 428 244 493 volumina
267 450 286 492 a
308 432 486 492 correctore
506 427 674 492 emendata
693 432 777 512 sunt,
800 450 946 513 quaeque
966 430 1099 495 deerant

81 533 229 620 additae)
266 533 378 618 Itaque
403 534 577 598 cavendum
601 538 659 618 est,
681 556 722 598 nc
746 556 827 618 quae
852 535 923 619 quis
947 535 981 600 in
1004 541 1098 600 textu

81 641 208 705 restitui
241 663 337 725 posse
366 641 526 725 desperet,
559 662 596 704 ca
623 640 767 704 addendo
795 641 847 706 vel
874 641 1029 707 demendo
1058 644 1098 707 ad

81 769 172 812 suam
200 746 386 831 opinionem
414 751 595 830 componat.
642 745 704 811 Sed
727 747 762 810 in
785 769 821 810 eo
845 746 944 832 libre,
972 749 1028 832 qui
1052 750 1097 814 in·

82 854 222 936 scriptus
247 857 295 917 est
318 851 394 937 περὶ
417 853 592 939 ῥητορικῆς
615 854 902 938 ὑκομνηματικόν,
929 855 999 938 ipse
1022 856 1097 919 Phi-

81 959 226 1023 lodemus
249 959 404 1023 nonnulla
427 959 604 1024 correxisse
626 959 761 1024 videtur.
807 958 988 1043 Supersunt
1011 961 1098 1025 enim

81 1067 145 1130 duo
168 1066 264 1131 huius
286 1066 364 1130 libri
389 1065 598 1150 exemplaria,
628 1088 702 1150 pap.
728 1067 814 1132 1426
838 1067 1030 1152 paginarum
1056 1070 1098 1132 16

83 1176 116 1235 et
139 1173 321 1256 pap.1506
349 1172 541 1259 paginarum
566 1174 617 1238 58.
663 1171 733 1236 Illic
756 1196 788 1256 p.
806 1171 898 1255 VIII,
921 1175 962 1238 27
992 1176 1099 1257 φανή-

82 1295 183 1360 σεται,
202 1277 273 1362 ΧΠ,
287 1281 327 1343 27
345 1280 552 1364 διατριβικὸν
566 1281 703 1361 exstant,
722 1299 795 1342 cum
810 1277 845 1341 in
857 1270 960 1342 'altera
975 1277 1098 1365 (priore

82 1381 179 1470 puto)
207 1385 391 1449 recensione
419 1395 571 1470 φανεῖται
599 1389 631 1448 et
660 1387 875 1469 σχολαστικὸν
904 1384 1097 1450 exst‘terint.

80 1490 205 1576 Pagina
232 1490 432 1574 paenultima
459 1491 557 1555 etiam
584 1495 711 1555 textum
739 1490 869 1555 omnino
897 1489 1098 1556 differentem

83 1597 365 1680 deprehendimus7
402 1597 503 1680 quod·
525 1597 560 1660 in
595 1588 754 1680 apparatu
788 1596 899 1661 crItico
932 1597 1097 1681 adscripsi

82 1703 117 1767 P.
132 1702 218 1788 XIV,
238 1705 337 1788 (isqq.
355 1703 489 1789 legitur:
512 1705 549 1768 τὸ
572 1703 635 1787 γὰρ
655 1705 764 1787 ,καθὸ
784 1703 916 1788 ρήταρ“
935 1703 996 1769 οὐκ
1015 1705 1096 1768 ἄλλο

82 1834 113 1874 τι
136 1810 337 1893 λαμβάνεται
359 1819 424 1875 νῦν
447 1809 467 1893 ἢ
491 1811 529 1875 τὸ
553 1807 590 1873 ἐν
612 1810 718 1899 τούτῳ
743 1810 852 1895 ῥήτωρ
877 1807 947 1875 ἐστὶ
970 1813 1028 1873 etc.
1052 1847 1097 1855 -

80 1914 193 1978 Altera
216 1915 358 1979 recensio
381 1916 443 1979 hoc
465 1915 579 1979 habet:
602 1917 640 1980 τὸ
663 1916 726 2000 yolo
750 1919 859 2000 »καθὸ
879 1916 1011 2003 ρήτωρ“
1035 1915 1097 1980 οὐκ

80 2024 161 2087 ἄλλο
185 2041 217 2086 τι
240 2022 441 2106 λαμβάνεται
464 2030 581 2087 τοῦτο
601 2031 664 2087 νῦν
683 2025 741 2085 etc.
778 2022 849 2086 Hoc
868 2032 966 2088 τοῦτο
984 2026 1097 2086 notan-

82 2128 157 2192 dum
181 2132 243 2192 est:
267 2132 316 2193 est
341 2128 426 2193 enim
448 2129 659 2214 neglegenter
682 2131 714 2190 et
735 2129 1005 2213 ὑκομνηματικὸν
1024 2150 1097 2192 con-

80 2235 260 2319 scribentis
278 2235 366 2318 quod
385 2240 499 2319 postea
514 2235 654 2318 scriptor
667 2238 795 2299 textum
810 2235 913 2299 denuo
928 2256 1097 2298 recensens

79 2338 225 2403 resecuIt.
262 2339 332 2404 Nec
357 2362 432 2403 vero
456 2344 661 2422 contemptor
684 2341 862 2426 elegantiae
881 2340 1097 2424 philosophus

81 2449 113 2508 et
136 2448 234 2527 pocta
256 2443 319 2507 fuit
337 2441 554 2527 Philodemus,
578 2445 664 2529 quod
682 2447 733 2509 vel
752 2447 824 2510 inde
844 2447 987 2532 colligas,
1010 2448 1097 2530 quod

80 2550 206 2613 hiatum
240 2549 470 2614 consuetudine
503 2550 590 2615 illius
624 2552 738 2616 aetatis
772 2552 799 2616 si
832 2553 937 2617 minus
966 2553 1097 2616 omnino

80 2656 203 2740 vitavit,
227 2659 260 2719 at
284 2659 369 2720 certe
392 2679 464 2721 raro
488 2657 625 2742 admisit,
649 2680 745 2742 quam
769 2681 828 2744 ego
853 2660 887 2723 in
910 2659 1097 2723 coniciendo

79 2785 226 2826 normam
253 2761 389 2826 fortasse
416 2762 513 2827 nimis
542 2787 637 2848 saepe
665 2765 803 2850 neglexi.
827 2803 871 2811 —
893 2765 1024 2848 Duplex
1050 2787 1097 2829 rc·

81 2869 188 2932 censio
214 2867 311 2932 etiam
334 2867 411 2932 libri
436 2871 565 2934 secundi
589 2871 687 2936 fuisse
711 2871 852 2955 videtur,
876 2871 914 2934 de
938 2893 1001 2954 qua
1025 2893 1097 2935 con-

80 2978 178 3059 feras,
207 2974 292 3057 quod
316 2998 346 3058 p.
367 2978 423 3059 28,
447 2978 592 3061 32-34,
620 3000 650 3061 p.
670 2980 727 3061 44,
750 2981 807 3061 20,
831 3002 861 3061 p.
881 2979 934 3061 24,
957 2980 978 3041 4
1002 2977 1097 3041 adno-

81 3087 186 3146 tatum
210 3086 266 3145 est.

157 3332 183 3399 1)
206 3330 253 3383 Bis
280 3347 348 3385 voce
372 3328 446 3383 κάτω
467 3289 641 3400 significatur
660 3329 769 3400 aliquid
788 3331 839 3385 sub
858 3332 938 3385 textu
958 3329 1036 3399 addi,
1061 3329 1095 3383 cf.

80 3434 107 3484 p.
124 3421 139 3468 9
161 3419 190 3471 et
208 3419 260 3471 XI²
278 3418 326 3474 fol.
343 3425 407 3487 114,
426 3418 458 3474 fr.
475 3424 499 3473 6.
