2356 3884
481 228 739 283 -Xffly-

99 402 161 446 suo
194 402 282 444 more
314 383 347 442 et
379 377 426 442 ita
456 377 620 461 loquetur,
652 381 688 441 ut
718 376 752 440 in
779 377 1055 461 disputationibus
1083 383 1116 442 et

99 489 188 552 inter
223 485 400 568 discipulos
437 483 620 567 consuevit,
659 482 749 566 plebi
786 485 908 569 garrire
944 483 1115 549 videbitur.

99 592 208 657 Huius
236 591 323 655 enim
346 589 449 654 oratio
474 588 620 672 quamvis
643 589 722 653 boni
746 589 868 673 aliquid
891 590 1023 671 habeat,
1051 591 1116 655 sibi

99 697 299 762 audientiam
330 718 396 761 non
423 695 533 776 faciet,
566 693 718 777 quoniam
746 695 901 777 sapientis
929 700 962 759 et
990 695 1116 778 politici

99 803 205 868 oratio
225 806 340 885 suapte
358 804 482 883 natura,
504 822 570 864 non
589 803 717 863 tantum
735 799 888 865 utilitatis
906 801 1038 866 notione
1058 801 1115 866 dif-

100 910 211 973 ferunt
234 903 543 994 (XXX-XXXIII).
652 902 788 988 Sapiens
812 906 936 970 omittit
960 929 1115 991 quaecun-

101 1035 165 1098 que
189 1013 229 1077 ad
251 1012 441 1076 felicitatem
462 1033 530 1075 non
553 1010 680 1092 ducant,
704 1032 785 1095 quae
804 1033 879 1076 vero
898 1013 1114 1096 perturbatio-

100 1142 176 1184 nem
204 1119 385 1183 animorum
413 1140 452 1182 ex
480 1117 589 1200 pravis
618 1116 828 1200 opinionibus
855 1122 966 1183 natam
993 1124 1116 1204 sanent,

101 1224 218 1308 recipit
241 1224 324 1289 sicut
347 1227 433 1287 artes
455 1222 496 1285 ad
518 1221 618 1286 vitam
636 1222 839 1287 necessarias,
875 1224 1021 1289 Ridicule
1040 1247 1115 1289 vero

100 1334 278 1417 nugantur,
311 1328 366 1412 qui
394 1351 434 1393 ex
461 1327 639 1414 geometria
666 1331 767 1392 artem
796 1328 1038 1412 imperatoriam
1064 1330 1116 1394 vel

101 1437 269 1521 politicam
293 1433 453 1518 proficisci
477 1436 603 1516 putent.
702 1432 858 1499 Similiter
881 1435 1013 1500 ridicule
1037 1437 1115 1522 agit,

100 1543 157 1627 qui
185 1565 225 1606 ex
254 1539 460 1625 physiologia
483 1543 569 1604 artes
592 1539 756 1604 advitam
778 1541 978 1624 pertinentes
1002 1541 1115 1606 elicere

100 1648 179 1712 velit
202 1646 291 1712 velut
312 1644 531 1710 oeconomiam
551 1650 608 1709 etc.
642 1645 734 1722 Quod
753 1647 912 1731 quomodo
932 1670 951 1711 a
969 1648 1115 1732 sapiente

100 1754 170 1818 fieri
198 1752 304 1837 possit
330 1751 479 1835 publicae
507 1750 621 1816 salutis
644 1772 752 1836 causa,
779 1774 982 1837 nequaquam
1005 1758 1042 1817 ut
1065 1754 1115 1817 de-

101 1860 201 1924 bebat
224 1858 279 1922 ille
303 1855 471 1939 disposuit.
572 1855 710 1922 Omnino
734 1861 843 1921 autem
867 1857 1023 1941 sapientis
1047 1860 1115 1923 offi-

103 1966 188 2031 cium
214 1965 249 2029 in
273 1963 494 2048 cognoscenda
517 1984 624 2027 rerum
645 1968 763 2028 natura
786 1968 819 2028 et
843 1964 1048 2030 emendandis
1071 1965 1115 2029 vi·

100 2072 157 2136 tiis
184 2070 329 2154 positum
356 2090 375 2131 a
402 2067 528 2150 politici
556 2090 688 2134 munere
714 2069 812 2155 longe
836 2070 934 2134 distat
958 2074 990 2133 et
1014 2092 1115 2154 paene

100 2175 298 2242 contrarium
325 2176 387 2256 est,
414 2177 452 2236 ut
478 2195 519 2236 ne
547 2173 664 2237 debeat
693 2173 822 2257 quidem
845 2174 974 2257 sapiens
998 2175 1116 2258 peritia

100 2282 148 2346 rei
190 2280 339 2363 publicae
380 2282 413 2343 et
453 2278 658 2345 fraudulenta
698 2279 755 2343 illa
791 2279 951 2344 rhetorica
988 2280 1115 2345 institui

101 2382 472 2473 (XXXV—XXXVHI).

163 2490 217 2574 At,
240 2491 354 2575 inquit,
378 2491 434 2575 qui
457 2490 627 2555 veritatem
648 2492 893 2576 quaestionibus
910 2493 1115 2557 naturalibus

101 2601 333 2684 cognoverunt,
361 2619 428 2660 101
454 2597 552 2661 rebus
579 2597 659 2680 ipsis
687 2599 742 2664 sed
769 2598 872 2663 forma
895 2602 1023 2662 tantum
1047 2620 1115 2661 ora-

100 2703 198 2768 tionis
231 2725 250 2766 a
282 2702 425 2786 politicis
457 2702 618 2768 differunt.
662 2704 749 2770 Nam
776 2704 991 2788 philosophus
1020 2703 1114 2786 syllo-

22 2893 25 2896 ,
100 2809 204 2894 gismo
238 2813 271 2872 et
303 2808 488 2874 inductione
521 2809 638 2894 utitur,
671 2814 780 2874 orator
812 2811 1051 2892 enthymemate
1082 2813 1115 2872 et

100 2915 257 2998 exemplo.
304 2914 366 2979 Sed
394 2937 450 2979 111
476 2938 541 2979 101
569 2915 784 2999 philosophus
807 2917 1059 3000 enthymemate,
1087 2916 1114 2980 si

99 3020 276 3104 videbitur,
304 3025 337 3085 et
365 3021 536 3105 exemplo?
652 3021 759 3085 Facile
787 3026 896 3086 autem
923 3021 1116 3087 concedetur

100 3126 344 3212 physiologum,
366 3127 539 3212 medicum,
561 3130 749 3212 geometren
773 3129 883 3192 eadem
905 3126 1057 3210 loquendi
1082 3131 1115 3190 et

99 3232 310 3298 concludendi
333 3233 457 3298 ratione
481 3233 542 3297 uti:
569 3255 629 3296 neo
651 3237 760 3297 tamen
783 3234 811 3298 si
833 3234 913 3296 haee
936 3232 1114 3297 communis

100 3339 167 3402 fere
182 3338 326 3402 omnium
341 3343 398 3423 est,
412 3342 585 3423 propterea
600 3337 682 3402 alter
695 3339 828 3403 alterius
839 3358 921 3421 opus
931 3335 1114 3424 perficiet.¹)

172 3479 199 3546 1)
228 3477 307 3542 Quod
330 3477 526 3532 XLI-XLIV
551 3476 714 3546 disputatur
741 3477 775 3530 de
805 3475 1045 3544 enthymematum
1072 3476 1114 3530 in·

101 3563 211 3618 anitate
234 3568 263 3620 et
285 3564 484 3636 perversitate,
508 3565 543 3618 de
566 3563 762 3632 interrogandi
786 3566 815 3619 et
836 3563 1025 3634 respondendi
1044 3566 1114 3629 arte,

155 3662 324 3717 Ρ11110111111111,
338 3664 372 3706 ed.
387 3663 498 3704 Sudhaus.
886 3652 909 3708 h
