2356 3884
495 181 722 234 ..XX-

102 354 240 416 quorum
262 331 326 395 alia
348 329 520 415 perspicua
543 333 632 413 sunt,
660 329 723 394 alia
746 352 809 415 quo
833 331 1030 417 pertineant,
1053 356 1119 398 non

103 442 249 522 apparet.
295 435 468 501 Manifesto
496 435 557 501 sub
583 437 680 500 finem
702 436 780 501 libri
803 437 900 522 primi
924 436 970 525 (p.
992 438 1120 525 1218)

103 565 141 607 ea
164 566 239 627 pars
261 542 338 606 libri
362 541 495 606 alterius
519 541 725 627 describitur,
751 565 814 626 qua
835 543 979 628 Epicuri,
1001 544 1119 610 Metro-

104 649 182 733 dori,
205 648 395 713 Hermarchi
419 647 605 713 testimonia
628 649 806 713 afferrmtur
830 681 872 703 =
896 674 927 734 p.
947 652 999 734 69,
1018 654 1118 736 2sqq.

104 755 196 831 Quod
214 758 323 819 autem
341 754 466 839 profert
484 777 515 838 p.
533 756 583 838 12,
598 755 706 820 9-18
721 766 793 832 τοῖς
807 752 837 819 δ’
855 755 1026 841 ἡμετέροις
1039 762 1120 841 κτλ,

103 864 215 945 aperte
253 860 395 945 pertinet
431 860 471 925 ad
505 859 629 925 Bromii
661 860 826 925 cuiusdam
858 860 1011 944 Epicurei
1044 860 1119 946 περὶ

104 978 230 1054 τεχνῶν
253 966 452 1050 aliorumque
472 966 707 1050 Epicureorum
729 966 839 1032 libros.
876 966 923 1033 Ut
942 971 1050 1032 autem
1068 969 1120 1032 his

105 1074 185 1139 locis
208 1072 346 1138 secunda
369 1094 445 1157 pars
467 1072 545 1137 libri
569 1071 701 1137 alterius
725 1072 907 1159 attingitur,
930 1073 977 1138 sic
999 1097 1030 1157 p.
1052 1075 1117 1157 1,1

105 1185 137 1245 et
161 1203 191 1263 p.
213 1183 264 1264 11,
283 1182 381 1263 3sqq.
406 1179 440 1243 in
462 1179 602 1262 primam
626 1177 768 1243 eiusdem
790 1178 867 1243 libri
887 1184 1014 1263 partem
1032 1180 1121 1245 reici-

104 1308 185 1369 mur‚
209 1307 282 1350 oum
306 1285 402 1350 dicat:
425 1287 508 1371 πρὸς
530 1286 589 1361 τὰς
610 1285 692 1350 κατὰ
715 1283 815 1372 μέρος
833 1289 943 1369 λόγων
967 1284 1049 1373 (scil.
1069 1287 1120 1349 ad-

104 1391 332 1478 versariorum)
357 1391 518 1467 διακοπὰς
541 1389 861 1475 ἐπιμνησθησόμεθα
884 1395 917 1455 et
940 1390 997 1457 ἐπί
1011 1413 1045 1457 τε
1065 1401 1122 1475 τῆς

106 1503 267 1584 διακοπῆς
293 1508 360 1564 τῶν
383 1498 464 1563 κατὰ
488 1494 588 1584 μέρος
609 1499 720 1579 λόγων
744 1499 817 1562 ἔνια
839 1506 907 1562 τῶν
930 1508 994 1564 νῦν
1017 1520 1121 1584 παρα-

106 1607 328 1690 λελειμμένων
357 1603 573 1688 ἐπισημασίας
601 1602 830 1688 ἀξιωθήσεται.
877 1600 923 1668 cf.
946 1627 977 1687 p.
997 1605 1054 1688 31,
1078 1606 1120 1669 33

106 1716 200 1800 χρεία
218 1714 301 1797 πρὸς
319 1710 420 1787 αὐτάς
437 1707 468 1792 γ’
488 1708 615 1775 ἐπιέναι
633 1711 691 1787 τὰς
708 1720 776 1775 τῶν
793 1710 875 1775 κατὰ
893 1707 993 1796 μέρος
1010 1711 1121 1792 λόγων

108 1819 275 1893 θιακοπάς.
292 1854 330 1864 -
346 1815 393 1882 Ut
416 1819 525 1882 autem
548 1816 583 1880 in
600 1818 664 1881 fine
683 1815 760 1880 libri
779 1814 877 1900 primi
896 1819 1122 1902 argumentum

109 1922 240 1988 secundi
269 1921 477 2005 proponitur,
509 1922 554 1986 sic
583 1922 618 1985 in
644 1923 707 1985 fine
735 1921 868 1988 alterius
896 1927 1123 2010 argumentum

107 2030 195 2095 tertii
218 2028 296 2093 libri
320 2027 498 2093 delineatur
520 2051 552 2113 p.
575 2029 646 2112 135,
664 2029 718 2112 40,
740 2028 779 2093 de
803 2051 867 2113 quc
891 2029 1002 2095 statim
1024 2029 1123 2093 verba

107 2136 253 2201 facienda
280 2140 356 2200 sunt
379 2134 490 2200 fusius.
536 2133 606 2201 Nec
628 2134 723 2199 aliter
745 2158 776 2218 p.
800 2137 879 2218 223,
905 2137 1079 2217 19-224,
1102 2137 1123 2198 4

108 2246 334 2326 argumentum
356 2242 433 2305 libri
457 2242 562 2325 quinti
586 2242 770 2307 adumbrari
794 2240 922 2327 credidi,
945 2263 1018 2306 cum
1042 2262 1123 2324 quae

109 2351 287 2431 sequuntur
306 2346 344 2409 dc
360 2345 479 2431 Gorgia
493 2347 639 2412 Platonis
653 2371 684 2431 p.
700 2350 775 2431 224,
789 2349 889 2431 bsqq.
909 2347 949 2410 ad
968 2369 1043 2430 pap.
1058 2348 1121 2411 221

109 2452 272 2537 pertinere
290 2451 462 2516 verisimile
482 2452 525 2516 sit
540 2452 682 2518 ε--ἯΠ2
701 2453 755 2519 fol.
773 2454 955 2519 134-137.
986 2450 1124 2535 Reliqua

109 2559 212 2623 adhuc
235 2558 270 2622 in
293 2558 392 2622 dubio
415 2557 596 2642 relinquere
619 2558 727 2642 malui,
752 2560 821 2625 dico
845 2581 876 2642 p.
896 2560 949 2643 67,
970 2560 1025 2643 24,
1049 2561 1124 2641 211,

110 2668 167 2749 20,
191 2667 269 2749 212,
293 2667 326 2748 4,
350 2666 429 2747 214,
452 2666 508 2749 20,
532 2667 610 2748 222,
634 2669 731 2749 sssqq.

384 2905 433 2960 Da
457 2907 659 2972 argumento
682 2904 761 2961 libri
783 2903 810 2961 1.
819 2891 843 2980 1)

178 3034 434 3100 Consentaneum
458 3040 506 3100 est
524 3035 750 3101 Philodemum
773 3036 811 3099 de
834 3039 950 3101 natura
973 3058 1009 3100 ac
1028 3036 1125 3119 parti-

110 3145 172 3208 bus
199 3142 377 3208 rhetoricae
404 3141 644 3227 disputaturum
668 3143 706 3207 de
730 3141 930 3228 singularum
953 3141 1072 3206 artium
1094 3141 1126 3204 vi

183 3274 187 3277 .
190 3271 323 3278 ...m—..-

183 3356 208 3420 1)
228 3352 394 3409 Accuratius
414 3356 444 3408 et
461 3367 551 3423 paene
570 3352 607 3406 ad
626 3353 741 3408 verbum
760 3352 812 3407 has
826 3369 931 3422 paucas
946 3351 1064 3423 paginas
1080 3367 1126 3406 ex-

110 3439 214 3510 pressi,
237 3445 269 3496 ut
291 3442 340 3510 qui
362 3441 454 3514 primo
477 3441 580 3495 librum
599 3440 753 3510 evolveret,
778 3458 833 3509 quo
852 3441 990 3498 niteretur
1007 3441 1126 3496 haberet

109 3545 179 3584 neve
199 3530 335 3585 sermonis
354 3528 523 3601 difficultate
544 3545 561 3582 a
578 3528 676 3584 limine
696 3529 893 3600 depelleretur.
