2356 3884
453 210 683 264 ..χμ-

236 387 285 443 De
308 386 485 443 rhetoricis
507 386 700 445 Philodami
723 387 892 458 operibus.

121 520 191 586 Iam
215 523 389 603 antequam
411 519 473 583 hoc
492 541 646 604 magnum
665 519 703 583 de
723 519 883 584 rhetorica
902 541 984 603 opus
1004 542 1075 584 con·

56 628 223 712 scriberet,
246 625 416 690 minimum
439 629 515 709 trec,
538 625 594 708 qui
617 625 657 688 ad
680 626 742 690 hoc
760 630 987 712 argumentum
1005 649 1075 710 per-

56 735 211 817 tinerent,
247 732 350 796 libros
380 730 589 796 Philodemus
623 732 772 797 ediderat.
827 731 974 816 Scriptus
1007 739 1075 797 erat

10 925 11 931 ἵ
56 841 141 905 liber
162 837 240 926 περὶ
263 837 388 916 λέξεως.
427 835 473 902 Of.
492 861 524 921 p.
541 837 614 923 156,
635 840 677 903 10
687 861 755 926 sqq.
779 840 929 925 καθάπερ
951 839 988 905 ἐν
1006 851 1075 917 τοϊς

10 952 13 1034 t
56 945 132 1035 περὶ
142 945 262 1024 λέξεως
271 944 476 1028 ἀποδίδομεν
487 943 723 1030 ἐξεμγαστικῶς
733 945 789 1033 (sc.
799 944 875 1031 περὶ
885 944 1074 1033 ἀσαφείας)·

10 1052 14 1075 ¹
56 1055 158 1120 ταύτὰ
182 1049 220 1118 dl
243 1049 298 1116 καὶ
321 1060 386 1116 νῦν
408 1054 645 1135 κεφαλαιωδῶς
667 1051 913 1138 ὑπομνήσομεν.
949 1052 1073 1117 Eodem

11 1152 14 1234 ἶ
57 1159 221 1244 pertinere
240 1162 331 1243 pute,
355 1157 441 1242 quod
460 1180 491 1241 p.
509 1160 572 1224 160
591 1159 681 1223 dicit:
705 1160 762 1236 τὰς
780 1161 882 1235 ἄλλος
901 1160 1073 1244 διαφοράς,

13 1291 15 1297 ’
61 1260 108 1331 ὧν
136 1267 273 1331 ἔνθεσιν
301 1263 339 1329 ἐν
366 1263 533 1350 τοῖςπερὶ
556 1267 684 1330 τούτων
707 1266 896 1349 ποιούμεθα
919 1264 1073 1351 λόγοιςῑ)

14 1369 17 1426 ἶ
55 1371 173 1437 Editus
205 1375 274 1434 erat
305 1368 381 1455 περὶ
409 1369 547 1435 ἐπαίνου
576 1368 668 1435 liber.
713 1369 760 1436 cf.
791 1394 822 1455 p.
849 1373 927 1455 219,
951 1373 995 1436 20
1005 1394 1073 1456 sqq.

15 1506 16 1524 ³
133 1475 191 1544 καὶ
213 1473 317 1541 πάνθ’
340 1476 435 1559 ὅλως,
459 1477 540 1562 ἅπερ
560 1475 653 1561 ἡμεῖς
671 1476 856 1562 ἀναγκαίαν
875 1480 993 1562 ἔχοντα
1011 1480 1074 1563 χώ-

56 1610 120 1670 ραν
139 1585 223 1670 πρὸς
241 1584 319 1660 τοὺς
338 1583 562 1668 ὀνησιφόρους
579 1583 706 1667 ὕμνους
725 1571 762 1650 ἔν
780 1591 825 1672 τῷ
844 1582 921 1671 περὶ
935 1583 1073 1650 ἐπαίνου

16 1727 20 1771 4
55 1695 145 1779 λόγῳ
171 1687 416 1774 διαστέλλομεν.
461 1689 510 1752 De
534 1688 625 1753 cuius
648 1693 838 1775 argumento
862 1691 1074 1756 nonnullam

14 1797 23 1890 ᾗ
56 1795 322 1861 antecedentibus
346 1795 500 1879 disputat,
524 1794 643 1878 quibus
666 1795 759 1860 illum
778 1795 927 1860 libellum
946 1797 986 1860 ad
1004 1798 1073 1862 rhe-

15 1892 25 1961 l
56 1904 192 1968 toricam
220 1902 415 1987 pertinuisse
443 1906 587 1986 apparet.
633 1902 717 1967 Illud
746 1902 883 1987 denique
910 1903 986 1989 περὶ
1014 1905 1072 1991 ρη-

18 2018 22 2097 ss
56 2017 192 2094 νομικῆς
204 2007 477 2093 ὑπομνηματικὸν
498 2013 530 2073 et
548 2031 661 2093 reapse
677 2014 750 2074 ante
765 2010 959 2075 rhetoricam
974 2011 1072 2094 scrip-

18 2104 23 2159 i
56 2119 127 2179 tum
153 2135 221 2178 esse
245 2118 494 2179 consentaneum
520 2118 629 2198 estet,
652 2115 686 2177 ni
705 2115 808 2197 fallor,
832 2138 862 2196 p.
878 2118 930 2198 90,
949 2117 992 2179 30
1004 2138 1073 2198 sqq.

19 2174 24 2214 i
56 2221 225 2285 indicatur.
262 2219 364 2297 Quem
387 2220 493 2286 locum
517 2219 650 2305 cognitu
670 2219 895 2304 dignissimum
914 2219 959 2284 sic
978 2210 1081 2285 inter-⁴

57 2331 180 2410 pretor:
203 2326 403 2392 adversarius
426 2328 533 2392 nescio
559 2326 630 2410 quis
650 2325 761 2390 multis
780 2326 943 2410 capitibus
963 2332 1075 2393 contra

55 2431 281 2496 Philodamum
309 2433 487 2517 disputavit
514 2433 689 2517 respiciens
718 2457 767 2518 ea,
797 2457 879 2519 quae
907 2435 962 2499 ille
991 2458 1073 2500 com·

58 2538 224 2604 menteriis
243 2539 277 2602 in
292 2562 385 2605 suum
400 2562 436 2604 ac
451 2540 683 2625 discipulorum
697 2541 807 2624 potius
822 2565 919 2626 quam
933 2543 1073 2607 alienum

23 2683 25 2690 ·
55 2667 151 2710 usum
170 2646 359 2729 compositis
379 2653 580 2730 exposuerat.
613 2649 702 2713 Haec
720 2653 835 2732 utpote
854 2648 979 2732 publici
994 2650 1073 2714 iuris

24 2746 27 2795 i
57 2773 121 2815 non
144 2751 230 2815 facta
252 2752 301 2816 fas
324 2774 390 2817 non
413 2753 512 2818 fuisse
537 2754 614 2818 dicit
637 2756 678 2819 ab
700 2777 737 2819 eo
757 2754 950 2841 impugnari.
988 2755 1073 2833 Quot

25 2916 27 2923 .
59 2862 166 2922 autem
190 2857 293 2922 libros
316 2858 372 2922 illa
394 2858 647 2944 ὑπομνηματικὰ
671 2861 897 2945 continuerint,
921 2861 995 2926 sciri
1018 2862 1073 2927 vix

25 2958 27 3055 j
58 2968 180 3047 potest3
203 2962 384 3048 complures
408 2964 506 3030 fuisse
530 2967 597 3031 veri
621 2967 725 3031 simile
750 2972 807 3032 est.
851 2966 951 3033 Credo
976 2968 1073 3033 etiam

25 3060 28 3115 l
58 3091 219 3155 papyrum
238 3073 303 3136 832
318 3104 360 3125 --
375 3071 449 3137 VII²
468 3072 522 3137 fol.
537 3074 668 3138 44-67
689 3074 766 3139 illuc
784 3074 976 3139 reiciendam
996 3096 1074 3158 esse,

25 3120 28 3229 l
59 3174 94 3238 de
119 3198 183 3260 qua
206 3176 241 3240 in
263 3181 352 3242 tomo
377 3180 515 3244 secundo
540 3179 672 3263 dicetur,
697 3180 752 3264 qui
775 3180 856 3243 illud
879 3181 1074 3262 ὑπομνημα-

59 3286 161 3365 ccxcv,
184 3305 346 3368 papyrum
371 3287 445 3369 832,
467 3288 648 3372 fragmenta
672 3285 860 3350 continebit.

63 3407 274 3418 κῇ*-

131 3480 157 3545 1)
177 3476 219 3530 De
238 3475 397 3533 elocutione
417 3495 446 3534 se
466 3482 594 3535 acturum
612 3493 703 3547 porro,
724 3475 748 3528 si
763 3472 852 3528 otium
866 3471 959 3544 fuerit,
977 3493 1005 3544 p.
1021 3483 1072 3531 325

58 3563 200 3628 promittit
217 3565 248 3619 in
265 3565 321 3620 fine
340 3564 417 3622 illius
437 3567 511 3623 libri.
