2356 3884
441 202 482 210 -
529 174 648 228 XXVIII
694 203 736 210 -

147 325 178 389 b.
279 333 318 409 τῇ
343 323 483 406 δυνάμει
505 320 652 409 θάτέρον
676 326 781 408 μόνον
803 332 861 409 τῆς
883 323 1001 412 τέχνης
1024 350 1098 410 μετ-

79 427 254 512 εσχηκέναι
277 425 410 514 μέρους,
432 426 578 514 θάτέρου
603 425 640 494 δὲ
658 429 885 516 ἀμοιρηκέναι,
908 433 966 498 τὸν
985 429 1099 516 μέντοι

79 531 207 602 τέλειον
231 536 251 620 ἢ
276 534 399 622 βητορα
428 534 734 621 συγκεκροτημένον
762 535 795 614 ἐξ
820 536 945 623 ἀμφοῖν
967 537 1098 620 ἀγαθὸν

81 642 189 726 ἀνδρα
211 639 267 706 καὶ
290 643 429 725 πολίτην
452 635 538 706 εἶναι
562 642 617 706 διά
640 644 762 717 παντός
783 639 852 725 XF,
877 644 949 709 105.
994 644 1101 710 Locus

81 748 301 812 subobscurus
324 751 381 811 est.

148 875 172 918 ο.
290 850 340 918 ἐπ’
373 850 480 941 έκεῖνο
513 855 706 936 μεταβῶμεν
738 862 805 917 τῶν
833 852 943 918 αὐτῶν
969 856 1006 918 τὸ
1034 856 1097 937 την

80 962 254 1043 πολιτικὴν
283 959 462 1046 ῥητορικὴν
489 955 609 1044 τέχνην
636 954 697 1042 μὲν
725 958 903 1045 ὑπάρχειν,
932 955 1031 1043 ἦττον
1060 957 1097 1025 δὲ

81 1065 216 1152 ἑτέρων·
255 1068 473 1152 συνεφώνουν
509 1065 573 1150 γάρ
611 1064 745 1147 ὀλίγους
780 1063 799 1105 *
836 1064 1098 1150 έκπεπονηκότας

81 1168 168 1238 εἶναι
192 1173 357 1250 δυνατοὺς
384 1173 539 1258 ἀντικρυς
566 1171 692 1256 λέγειν,
720 1171 765 1247 ὡς
787 1174 967 1256 μουσικούς
989 1197 1098 1259 φαμεν

80 1283 158 1356 τοὺς
187 1287 244 1363 τῆς
274 1289 433 1364 μουσικῆς
462 1282 583 1362 λόγους
612 1278 831 1364 ἀνειληφότας
857 1277 915 1365 X2,
940 1281 1012 1345 146.
1050 1278 1097 1343 cf.

81 1384 149 1470 111²,
171 1388 225 1451 44.
764 1398 767 1404 ’

148 1493 176 1556 d.
209 1495 330 1577 ματαία
363 1486 401 1555 δὲ
432 1487 487 1578 καὶ
519 1489 540 1572 η
572 1492 674 1575 ταάτη
708 1491 848 1574 συνεχὴς
880 1488 1047 1567 ἀπόδειξις
1076 1492 1097 1574 ἡ

82 1597 281 1676 καταξιοῢσα
313 1592 374 1681 μὲν
407 1595 451 1680 μὴ
484 1595 701 1679 μεταβάλλειν
733 1594 790 1673 τὰς
822 1593 999 1680 ἐπιστήμας
1028 1608 1098 1673 τοῖς

80 1707 207 1789 τόποις,
233 1704 296 1788 την
324 1699 361 1768 δὲ
389 1703 567 1789 ῥητορικὴν
597 1701 735 1767 ἀλλοίαν
758 1699 992 1786 ἀποφαίνουσα
1014 1703 1096 1767 κατά

81 1813 189 1896 χώρας
207 1811 263 1875 καλ
281 1812 361 1894 ἀστη
380 1806 433 1892 X2,
453 1810 525 1874 148.
562 1806 607 1872 Of.
626 1806 695 1892 XF,
715 1808 792 1872 104:
817 1806 994 1891 ἀπόδειξις,
1016 1805 1094 1872 καθ’

82 1917 125 2000 ἣν
149 1915 256 2000 ἐκείνη
280 1916 477 2008 μεταβάλλει
498 1917 709 1998 tetendimus,
732 1911 809 1980 ὥστ’
827 1914 940 1992 ἀλλοις
959 1914 1098 1980 ἀλλοίαν

83 2023 313 2109 ἑφαρμόττεινε
346 2022 432 2107 quod
461 2020 637 2086 medicinae
666 2020 815 2104 exemplo
843 2018 911 2105 IX2‚
936 2023 1009 2105 103,
1034 2023 1099 2086 104

81 2130 249 2194 refutatur.

148 2258 173 2299 e.
198 2247 264 2300 τῶν
283 2230 320 2299 δέ
339 2244 459 2300 τοῦτον
477 2237 536 2300 τὸν
555 2237 658 2317 λόγον
677 2236 949 2319 διηκριβῶκότων
966 2237 1097 2320 προχεί-

81 2365 143 2427 ρου
167 2338 347 2423 γενομένης
369 2340 433 2422 ἤδη
456 2349 515 2423 τῆς
534 2341 661 2424 πλάνης
679 2350 748 2416 πῶς
767 2337 842 2425 οὐχὶ
861 2341 920 2405 τὸν
939 2338 1011 2422 ἑξῆς
1029 2339 1098 2405 ἐπι-

80 2446 301 2531 θαυμάσομεν
324 2455 477 2510 τοιοῦτον
500 2444 704 2531 ὑπάρχοντα·
734 2452 850 2531 ,,είπερ
873 2444 1041 2510 ἀπατῶσιν
1065 2446 1101 2509 οί

84 2553 234 2639 ῥήτορες,
258 2550 314 2617 καλ
337 2548 432 2616 αὐτοὶ
456 2543 549 2639 ᾧτινι
572 2540 741 2618 ἀπατῶσιν
764 2552 963 2637 ἀπατῶνται,
986 2552 1096 2637 ὥσπερ

85 2654 157 2724 οὐδ’
188 2660 296 2737 άλλως
327 2661 453 2741 γίνεται
483 2657 520 2722 ἐν
549 2657 663 2744 ὁράσει
691 2657 763 2724 οὐδ’
794 2659 942 2724 ἀκούσει·
976 2660 1007 2723 εί
1033 2659 1097 2744 γάρ

81 2767 170 2852 ἀλλφ
200 2764 408 2850 συμβέβηκεν
435 2763 456 2846 ἡ
484 2763 607 2850 ἀπάτη,
639 2764 695 2829 καὶ
724 2766 823 2842 αὐτὸς
850 2764 1023 2831 ἀπατάται·
1057 2764 1098 2829 οὐ

81 2875 208 2954 μάλλον
237 2873 352 2935 τοίνυν
380 2869 549 2936 ἀπατῶσιν
576 2870 597 2954 ἢ
626 2869 846 2937 ἀπατῶνταίί.
891 2870 964 2956 IX2,
986 2873 1030 2937 48
1056 2903 1098 2924 =

80 2975 148 3062 XP,
167 2978 219 3041 93.
256 2975 294 3040 In
317 2977 429 3041 eodem
452 2981 643 3063 argumento
662 2983 807 3042 versatur
824 2977 877 3062 X2‚
897 2980 959 3043 147
981 2984 1013 3042 et
1031 2976 1100 3061 IX2,

81 3085 223 3168 45-47,
242 3104 306 3167 quo
326 3083 455 3167 quidem
473 3084 545 3148 Ιοοο
565 3107 604 3148 ex
624 3084 851 3170 grammaticae
871 3090 904 3149 et
922 3084 1098 3149 medicinae

81 3190 290 3257 similitudine
328 3190 480 3256 refutatio
519 3191 650 3276 petitur.
707 3191 860 3256 Conferas
897 3192 995 3256 etiam
1030 3187 1099 3272 IX2,

79 3300 122 3362 49
134 3321 202 3382 sqq.

147 3404 168 3467 f,
191 3405 292 3469 πάλιν
317 3415 490 3489 σκοπῶμεν
511 3406 571 3470 τὸν
589 3403 717 3491 ἐφεξῆς,
740 3401 818 3471 καθ’
841 3405 881 3471 ὃν
899 3404 1019 3490 ἠξίωσε
1036 3412 1096 3469 πά-

81 3528 143 3574 σαν
171 3509 353 3596 ἐπιστήμην
381 3513 468 3596 έχειν
497 3512 586 3576 ίβίαν
615 3511 717 3597 ὕλην,
744 3510 818 3598 περὶ
842 3511 885 3595 ἣν
909 3510 1100 3598 στρέφεται·
