2356 3884
478 229 728 285 -XXV—

159 382 190 445 b.
213 381 274 464 τὴν
289 381 487 465 σοφιστικὴν
504 380 683 467 ῥητορικὴν
696 378 816 466 τέχνην
829 378 1011 465 λεγομένην
1024 383 1113 466 παρὰ

213 498 282 563 τοῖς
302 486 476 574 ἀνδράσιν,
498 483 575 552 καθ’
596 486 655 564 οὓς
672 493 937 572 φιλοσοφοῦμεν,
960 486 995 553 ἐκ
1010 491 1112 572 μεθό-

216 595 277 658 δου
306 596 364 658 ιιιιί
387 617 476 670 τινος
497 602 565 658 τῶν
589 596 761 678 στοιχείων
784 594 999 679 παραδόσεως
1022 618 1112 677 γινο-

214 697 330 784 μένην,
348 695 432 783 μηδὲ
449 701 533 786 πρὸς
552 698 715 781 ἀλλήλους
732 701 818 784 ἡμᾶς
832 701 952 778 αὐτοὺς
965 699 1020 766 ιιιιλ
1034 704 1112 778 τοὺς

213 803 480 892 προλεγομένους
502 803 710 892 erraveras-1)
737 829 768 890 p.
790 809 840 892 77,
859 809 1036 892 nrt—122,
1060 808 1112 872 25.

87 977 95 991 ,
164 935 188 976 ο.
212 911 267 978 καὶ
294 914 331 978 τὸ
359 913 420 995 τὴν
449 913 645 997 σοφιστικὴν
667 910 743 999 περὶ
766 909 826 996 μὲν
850 916 960 996 λόγων
983 914 1113 1000 νριιφδις

214 1017 269 1083 κοιλ
302 1017 475 1097 ἐπιδείξεις
502 1017 620 1104 τέχνην
650 1013 752 1103 είνοιι,
784 1016 860 1104 περὶ
888 1016 925 1084 δὲ
952 1022 990 1085 τὸ
1020 1022 1114 1097 δίνας

216 1123 326 1208 λέγειν
345 1122 401 1189 κοιλ
420 1126 621 1212 δημογορελν
640 1125 702 1190 οὐκ
721 1119 806 1191 εἶναι
824 1124 975 1214 ιε’χνηνλ)
995 1150 1027 1210 p.
1040 1128 1113 1210 122,

214 1232 378 1316 25-136,
397 1232 449 1296 20.
1088 1255 1089 1258 ¹

160 1337 188 1401 d.
212 1340 260 1403 ἔτι
282 1340 319 1403 τὸ
343 1340 404 1421 τὴν
426 1338 600 1420 πολιτικὴν
622 1336 659 1402 ἐν
684 1338 812 1425 ίστορίρι
834 1335 889 1402 κοιλ
911 1342 1007 1424 τριβῇ
1030 1345 1113 1404 καθ-

214 1442 400 1528 εστηκέναι,
433 1445 584 1529 τεχνικὸν
617 1441 654 1509 δὲ
687 1439 796 1528 μηδὲν
827 1442 1114 1530 προσφίρεσθιιιΒ)

215 1574 245 1635 p.
268 1551 341 1632 136,
360 1551 523 1615 20-146.

160 1656 273 1721 Habes
301 1657 381 1740 fere,
409 1677 490 1739 quae
519 1656 553 1720 in
581 1656 743 1722 continuis
766 1656 900 1742 papyris
924 1661 1111 1723 tractantur.

96 1762 200 1828 Multa
229 1767 339 1828 tamen
368 1762 609 1828 interciderunt.
655 1762 733 1827 Dixi
761 1785 904 1846 papyros
932 1765 1010 1847 408,
1038 1764 1115 1848 409,

96 1870 175 1954 425,
206 1871 305 1954 1079,
335 1870 435 1954 1086,
465 1872 564 1953 1117,
594 1869 680 1935 1580
712 1870 775 1935 huo
807 1869 978 1953 pertinere.
1027 1868 1113 1936 Nam

96 1981 205 2042 textus
225 1975 425 2061 singularum
445 1976 638 2062 paginarum
656 1980 712 2041 aut
731 1998 804 2042 eum
819 1998 944 2061 papyro
960 1976 1113 2042 continua

96 2087 153 2148 aut
180 2105 253 2148 oum
281 2082 353 2147 aliis
380 2084 497 2148 horum
524 2084 781 2170 fragmentorum
809 2083 938 2169 paginis
967 2083 1013 2147 ita
1041 2104 1112 2148 oon-

97 2189 190 2273 oinit‚
217 2195 254 2255 ut
283 2212 322 2254 ex
345 2189 447 2255 altero
471 2188 608 2254 alterum
631 2189 779 2272 pendeat.
825 2188 887 2252 His
910 2193 1036 2270 septem
1059 2211 1113 2272 pa-

97 2296 189 2381 pyris
217 2296 378 2361 addendae
406 2301 482 2362 sunt
510 2318 541 2379 p,
563 2295 648 2361 1573
669 2326 711 2348 --
731 2292 822 2359 VIH²
845 2294 899 2359 fol.
919 2294 1052 2360 42-52
1081 2300 1114 2360 et

98 2425 130 2487 p.
149 2403 214 2467 468
235 2433 277 2455 =
297 2401 340 2466 X2
364 2404 509 2487 63-66,
538 2423 617 2486 quas
644 2405 754 2486 partes
784 2423 852 2466 esse
875 2401 971 2466 huius
995 2401 1113 2486 papyri

97 2512 288 2594 argumento
312 2508 525 2573 demonstrari
548 2530 644 2592 posse
668 2508 801 2573 confido.

164 2613 286 2700 Agitur
317 2618 425 2680 autem
456 2615 518 2679 hoo
550 2619 620 2680 toto
653 2615 738 2679 libro
768 2614 847 2679 trita
875 2613 931 2678 illa
959 2614 1114 2698 quaesti0,

99 2721 184 2786 sitne
208 2743 258 2786 ars
281 2721 442 2785 rhetorica
460 2742 568 2786 neone.
600 2720 649 2786 Ae
667 2721 775 2805 priore
794 2724 887 2804 parte
905 2719 1114 2785 Philodemus

96 2826 227 2912 alienas,
246 2827 346 2892 altera
365 2850 439 2893 suas
457 2827 582 2912 profert
601 2827 786 2893 sententias.
815 2827 957 2905 Quarum
971 2825 1114 2912 partium

94 2933 188 3018 prior
219 2933 266 2997 ita
294 2933 451 3015 bipertita
479 2938 541 3019 est,
574 2939 611 2999 ut
639 2934 781 3018 primurn
809 2933 945 2999 aliorum
974 2932 1114 3018 philoso-

95 3040 251 3124 phorum,
287 3039 401 3105 deinde
439 3039 676 3123 Epicureorum
713 3041 1008 3126 argumentationes
1045 3060 1116 3124 per-

170 3235 196 3301 1)
216 3230 292 3287 Satis
311 3231 420 3286 incerta
437 3232 586 3303 proposui,
610 3234 705 3287 tamen
725 3233 764 3286 sio
783 3232 842 3286 fere
862 3229 1021 3300 supplenda
1040 3231 1113 3296 sunt,

95 3336 170 3390 quae
192 3338 220 3390 p.
242 3325 276 3375 68
298 3337 355 3374 non
378 3323 507 3391 poteram
531 3320 687 3376 emendare.
730 3319 769 3375 of.
793 3338 821 3389 p.
843 3326 889 3386 77,
914 3324 948 3372 26
959 3334 1019 3384 sqq.
1044 3315 1115 3370 ἀλλὰ

93 3416 149 3465 νῦν
168 3439 202 3450 -
222 3410 273 3480 οὐχ
291 3409 378 3479 ἡμεῖς.

167 3499 452 3568 fflffifflffim

169 3587 198 3658 3)
215 3585 250 3643 of.
271 3593 330 3658 136,
350 3591 384 3639 20
395 3603 455 3654 sqq.
