2356 3884
490 146 698 199 ..¹1¹1-

85 322 120 364 se
160 298 282 383 erigere
320 297 424 360 debet.
478 295 567 358 Haec
604 293 689 357 enim
723 316 796 357 vere
829 298 879 358 est
909 293 1099 360 Amaltheae

85 427 199 488 cornu,
223 425 296 468 cum
319 401 497 486 sophistica
520 400 577 464 vili
600 400 717 483 cyatho
742 405 953 484 comparetur.
1052 400 1101 466 Ac

83 512 164 576 licet
192 509 357 594 sophistae
385 507 514 591 inopiae
541 511 573 571 et
597 506 778 570 sterilitatis
802 507 996 571 conscientia
1020 508 1100 572 moti

86 616 229 702 plurima
247 616 462 699 profiteantur
481 613 569 677 velut
587 613 751 697 musicam,
771 613 1014 698 grammaticam
1033 618 1101 698 etc,

86 722 171 787 nihil
197 722 333 804 habent,
362 720 448 804 quod
475 719 559 782 sicut
582 740 633 782 ars
656 718 786 801 publice
811 719 935 784 dicendi
959 720 1101 784 animum

87 829 266 914 ingenuum
288 825 416 891 allicere
440 824 544 908 possit
567 822 794 912 (XLIX-LI).

157 932 225 1008 Qua
252 932 286 996 in
311 954 345 996 re
368 951 435 995 non
457 929 632 994 imitandus
656 933 705 994 est
727 928 932 1014 Aristoteles,
961 930 1016 1014 qui
1040 932 1100 996 sub

88 1040 187 1102 finem
213 1037 298 1102 vitae
327 1035 569 1121 philosophiam
598 1035 738 1100 deseruit
761 1040 794 1099 et
817 1036 969 1119 politicae
993 1060 1027 1101 se
1051 1038 1102 1101 ad·

89 1144 174 1208 dixit
192 1195 198 1207 .
214 1195 243 1207 ..
264 1143 382 1227 quique
401 1145 484 1206 teste
498 1141 640 1224 Epicuro
658 1141 744 1204 vitae
764 1141 858 1206 beate
878 1147 910 1206 et
928 1142 1103 1207 salubriter

88 1249 305 1314 instituendae
329 1247 528 1312 adversarius
551 1245 699 1311 infestior
722 1247 848 1312 exstitit
870 1270 967 1331 quam
988 1249 1011 1313 ii
1030 1250 1103 1333 ipsi,

90 1355 147 1439 qui
175 1376 208 1418 se
235 1355 282 1418 161
309 1353 460 1438 publicae
488 1352 684 1440 dediderunt.
792 1352 969 1418 Imitandus
992 1355 1103 1434 potius

88 1460 255 1543 Isocrates,
279 1459 335 1543 qui
358 1464 452 1523 antea
475 1463 577 1523 artem
600 1458 724 1523 dicendi
748 1460 913 1543 professus
930 1462 977 1542 ad
999 1461 1103 1545 philo-

90 1566 240 1650 sophiam
266 1588 458 1652 progressus
481 1570 543 1649 est,
571 1587 667 1650 quam
689 1566 947 1650 tranquilliorem
971 1566 1103 1631 6111111-

89 1673 214 1737 niorem
246 1673 393 1747 vocabat.
504 1671 698 1736 Aristoteles
725 1672 811 1736 enim
839 1677 958 1737 temere
987 1677 1020 1737 et
1046 1673 1103 1736 im-

90 1779 267 1862 prudenter
293 1777 334 1841 ad
361 1777 528 1862 politicam
555 1778 732 1862 ferebatur,
763 1801 859 1862 quam
886 1775 1037 1863 pluribus
1065 1779 1103 1842 de

91 1885 196 1963 causis
218 1883 371 1969 prodesse
394 1884 535 1967 putabat
558 1883 660 1964 [velut
679 1885 765 1968 quod
783 1885 991 1969 philosophia
1010 1908 1049 1950 ex
1068 1907 1103 1949 re

90 1990 223 2074 publica
255 1990 337 2053 bene
369 1993 549 2072 temperata
576 1989 715 2053 multum
744 1991 932 2054 incrementi
961 1995 1103 2075 caperet3

90 2097 130 2161 cl.
155 2118 229 2179 pap.
249 2097 312 2161 821
336 2116 411 2180 pag.
429 2093 784 2175 XXXVlI—XXXle.
821 2094 883 2159 Sed
906 2095 960 2158 ifle
984 2096 1103 2179 impru-

92 2201 221 2266 dentius
244 2223 340 2284 quam
363 2200 550 2264 muliercula
574 2200 660 2283 quod
679 2201 773 2284 peius
796 2204 865 2264 erat
884 2201 991 2287 elegit,
1014 2225 1104 2286 prae-

92 2305 205 2370 sertim
236 2328 308 2370 cum
339 2306 548 2389 philosophia
576 2306 674 2371 etiam
703 2307 771 2372 sine
798 2307 845 2372 rei
873 2308 1024 2391 publicae
1052 2309 1103 2372 ad-

91 2410 253 2476 miniculis
277 2412 412 2477 creverit
436 2416 468 2475 61
490 2413 603 2476 floreat
627 2412 872 2500 (LHl—LVH).

441 2635 490 2688 De
513 2633 601 2688 libro
623 2636 756 2690 ultimo.

158 2762 229 2827 Hoc
251 2762 337 2828 libro
361 2763 400 2827 de
422 2765 454 2828 vi
478 2764 690 2847 persuadendi
711 2766 827 2851 agitur.
863 2764 937 2848 Ipse
957 2789 1030 2831 eum
1049 2767 1104 2830 ali-

91 2868 245 2952 quamdiu
273 2869 406 2934 tertium
433 2892 502 2934 esse
529 2870 699 2954 putabam,
728 2872 814 2955 quod
840 2876 947 2936 tamen
977 2873 1104 2937 demon-

91 2974 187 3039 strari
205 2975 295 3039 nullo
314 2979 410 3058 paeto
429 2979 547 3058 potest.
579 2974 626 3040 Ut
645 2976 728 3040 solet
742 2981 850 3041 autem
863 2976 1103 3064 Philodemus1)
1131 3018 1136 3027 ·

90 3080 286 3146 rhetoricam
309 3101 381 3144 cum
404 3081 613 3165 philosophia
636 3088 810 3165 comparat.

159 3185 250 3251 Illius
264 3187 339 3270 vim,
358 3209 439 3272 quae
453 3188 488 3252 in
502 3188 713 3254 conventibus
728 3189 869 3272 publicis
883 3193 1039 3273 cernatur,
1058 3189 1103 3253 in-

92 3297 213 3357 certam
240 3315 310 3358 esse
338 3297 372 3357 et
398 3293 530 3359 dubiam
557 3295 609 3359 vel
632 3294 783 3378 exiguam
806 3294 994 3378 utilitatem,
1021 3295 1103 3358 hanc

167 3485 193 3552 1)
211 3484 246 3540 cf.
265 3484 354 3555 praef.
373 3501 437 3555 pag.
452 3484 521 3541 XLI.

858 3573 898 3629 Q*
