2356 3884
490 175 728 228 -ΧΠ,

167 322 231 388 Hic
255 346 383 408 quoque
405 324 490 389 liber
512 327 602 388 totus
621 325 687 388 fere
706 324 740 386 in
759 321 954 387 refutatione
973 323 1117 387 adversa-

96 431 223 496 riorum
246 434 399 495 versatur.
440 429 478 494 In
501 453 565 514 quo
589 452 661 494 oum
684 429 877 494 rhetoricam
899 429 991 512 nihil,
1014 428 1117 512 philo-

97 536 252 621 sophiam
275 537 451 620 plurimum
475 539 619 602 conferre
642 536 817 601 disseratur
840 538 881 600 ad
903 537 986 600 bene
1010 537 1117 600 beate-

99 665 165 728 que
189 643 369 729 vivendum,
394 644 480 708 hunc
503 644 624 707 librum
648 644 821 728 σύγκρισιν
845 646 1045 728 φιλοσοφίας
1062 640 1117 706 καὶ

99 751 278 835 ῥητορικῆς
304 749 411 833 possis
438 749 623 814 inscribere.
664 748 710 813 Of.
733 749 774 834 Β,
798 747 865 835 3¹):
897 753 975 815 Νῦν
1000 750 1117 814 τοίνυν

100 855 296 941 ἐπέλθωμεν
320 856 430 921 αὐτῶν
452 854 507 921 κοιλ
530 857 588 935 τὰς
610 853 680 921 κατ’
706 857 809 922 ἄλλον
832 860 956 942 τρόπον
979 864 1036 939 τῆς
1059 855 1117 940 ρη-

100 971 235 1047 τορικῆς
263 970 301 1048 τῇ
325 965 507 1050 φιλοσοφίᾳ
531 967 727 1050 συγκρίσεις.
772 962 810 1027 In
833 961 864 1026 A
887 966 995 1026 autem
1018 961 1117 1045 potis-

100 1068 220 1133 simum
243 1068 424 1133 ostenditur
446 1068 605 1133 iudicialis
628 1070 806 1135 rhetoricae
827 1071 950 1134 nullam
969 1091 1037 1134 esse
1057 1067 1117 1131 uti·

100 1175 241 1259 litatem,
269 1175 304 1240 in
326 1175 354 1239 B
381 1175 486 1261 magis
510 1175 653 1241 studium
676 1176 757 1240 illud
779 1177 905 1241 forense
930 1176 1118 1239 damnosum

102 1285 135 1343 et
159 1280 377 1363 periculosum
400 1304 468 1346 esse
493 1282 739 1346 demonstratur.

169 1386 255 1453 Nam
285 1387 358 1472 ipsa
389 1387 445 1451 illa
478 1387 512 1452 in
540 1388 702 1472 loquendo
730 1388 921 1472 simplicitas
949 1409 986 1452 ac
1014 1386 1119 1469 pudor

101 1492 263 1579 genuinus
277 1494 492 1558 balbutientis
511 1495 667 1560 sermonis
682 1494 735 1583 (Α,
751 1493 786 1581 6)
804 1495 909 1581 magis
927 1494 1118 1578 plerumque

101 1599 263 1664 iudicibus
286 1600 477 1686 persuadere
501 1601 584 1664 solet
603 1623 778 1687 quamam,
802 1624 883 1685 quae
902 1599 1118 1685 suspicionem

103 1704 274 1788 pravitatis
306 1709 441 1769 moveat.
487 1704 600 1790 Itaque
633 1729 691 1790 per
723 1729 756 1770 se
789 1707 860 1789 ipsa
890 1706 962 1769 tolli
991 1705 1119 1769 videtur

104 1809 163 1898 (Α,
192 1808 261 1897 11),
290 1810 380 1875 cuius
408 1811 582 1895 possessio,
613 1813 765 1897 quoniam
792 1811 903 1876 fraude
927 1810 1119 1895 continetur,

103 1917 201 1983 etiam
220 1917 356 1982 aliarum
374 1918 492 1983 artium
512 1940 606 1983 usum
625 1924 657 1983 et
673 1919 936 1985 exercitationem
950 1918 1119 2003 restringit

102 2022 158 2111 (Α,
177 2024 211 2108 53
233 2024 270 2108 Β,
288 2026 340 2108 29,
360 2022 426 2110 30).
459 2025 660 2109 Quamquam
683 2031 791 2091 autem
815 2049 873 2110 per
892 2049 926 2091 se
944 2026 1016 2108 ipsa
1035 2024 1119 2087 mala

102 2153 170 2194 non
197 2132 259 2214 est,
289 2134 398 2194 tamen
423 2153 464 2195 ne
492 2152 611 2214 pravus
639 2135 671 2194 et
698 2131 804 2213 turpis
831 2130 928 2194 huius
955 2129 1120 2193 facultatis

102 2257 181 2300 usus
204 2237 274 2319 fiat,
298 2236 524 2321 philosophiae
548 2240 622 2322 eget
645 2235 860 2300 moderamine
884 2233 938 2324 (A,
959 2233 1023 2322 13).

171 2341 218 2407 Ut
254 2346 363 2407 autem
399 2345 672 2429 sycophantarum
704 2343 846 2427 impetus
877 2366 944 2409 non
976 2344 1119 2410 defendit

103 2445 158 2535 (A,
179 2450 207 2531 7,
231 2448 288 2512 col.
307 2449 347 2534 V,
364 2449 435 2536 Vl),
457 2451 503 2515 ita
526 2451 614 2537 volgi
639 2452 747 2517 odium
771 2456 803 2515 et
822 2451 975 2516 invidiam
994 2449 1120 2535 colligit

103 2552 157 2642 (Β,
177 2551 242 2639 19).
278 2554 348 2621 Nee
372 2557 457 2622 enim
481 2564 622 2623 oratores
647 2559 733 2643 quod
755 2558 819 2642 ipsi
842 2559 955 2623 volunt
974 2557 1119 2621 efficiunt

103 2665 270 2745 tamquam
288 2663 418 2746 tyranni
435 2663 486 2751 (Β,
501 2662 545 2750 8),
564 2665 619 2729 sed
633 2665 741 2748 plebis
754 2664 932 2729 temeritati
945 2663 1121 2728 servientes

104 2788 142 2831 ae
169 2767 285 2832 timore
314 2773 473 2853 perpetuo
502 2771 659 2856 exagitati
687 2771 742 2859 (B,
764 2769 798 2858 6)
827 2774 963 2855 propter
986 2769 1121 2856 exiguas

103 2873 295 2958 plerumque
319 2897 430 2941 causas
448 2877 499 2941 rel
519 2877 645 2961 expulsi
664 2877 716 2941 vel
734 2877 895 2942 interfecti
915 2881 990 2943 sunt
1009 2875 1060 2966 (Β,
1075 2874 1120 2962 4).

105 2979 250 3064 Cumque
277 2981 364 3046 fluxa
392 2983 434 3047 sit
462 2982 629 3066 popularis
657 3006 733 3049 aura
757 2989 789 3048 et
812 2985 993 3069 periculosa
1016 2983 1122 3069 gratia

105 3085 237 3171 civium,
269 3088 371 3153 multo
404 3089 523 3154 rectius
555 3089 596 3153 ad
626 3090 867 3174 philosophiam
898 3089 1121 3174 confugiemus

105 3191 162 3278 (e,
182 3191 247 3278 ιι).

104 3302 168 3310 .—

180 3352 206 3420 1)
224 3368 289 3421 pap.
307 3357 359 3406 220
379 3351 537 3422 significavi
556 3351 592 3421 A,
611 3359 761 3423 pap.1078
781 3355 811 3406 et
829 3357 898 3406 1080
917 3352 948 3420 Β,
968 3368 1034 3421 pap.
1051 3359 1120 3407 1669

106 3439 305 3494 continuam
324 3440 352 3495 Ο.
380 3441 458 3498 Haec
477 3441 552 3496 enim
572 3440 631 3494 sine
651 3439 737 3496 dubio
756 3439 840 3494 finem
858 3439 924 3494 libri
939 3441 1056 3496 exhibet
1068 3457 1122 3495 nec

105 3526 198 3582 multa
215 3531 282 3599 post
299 3546 364 3600 pag.
379 3536 431 3586 270
451 3529 548 3585 deesse
568 3526 696 3583 arbitror.
