2356 3884
470 172 716 226 „XLV-

79 350 140 402 τας
160 323 310 407 ἀγαθοὺς
323 318 409 387 εἶναι
424 323 565 408 ῥήτορας
578 321 754 406 inscriptus
769 325 838 387 erat
852 321 907 409 (cf.
922 345 954 406 p.
969 322 1012 387 54
1022 319 1100 408 fin).

79 431 192 514 Atque
216 429 250 493 in
273 429 313 492 iis
336 428 425 512 ipsis,
449 450 530 511 quae
550 432 732 512 supersunt,
755 428 924 512 bipertitio
945 428 1100 512 quaedam

79 540 229 621 apparet.
276 535 446 611 Quaeritur
469 535 567 619 enim,
593 539 702 599 utrum
725 536 766 599 ab
791 535 861 619 ipsa
885 534 996 600 statim
1019 536 1099 618 phy-

81 642 222 728 siologia
244 641 377 705 habitus
400 641 530 725 quidam
552 641 730 705 rhetoricae
754 641 918 706 facultatis
941 639 1021 728 (ἕξις
1044 649 1101 723 τῆς

83 750 262 834 ῥητορικῆς
285 744 471 833 δυνάμεως)
499 746 720 832 conquiratur,
749 770 790 811 an
819 748 916 812 etiam
944 770 1027 831 opus
1057 747 1100 812 sit

81 877 146 919 usu
174 857 208 917 et
235 852 463 918 exercitatione
492 853 621 918 forensi.
666 852 848 937 Utrumque
872 853 958 917 enim
981 854 1022 918 ab
1047 854 1099 919 ad-

84 960 237 1025 versariis
260 957 483 1045 defenditur.¹)

154 1066 287 1152 Quodsi,
311 1066 418 1151 inquit
440 1066 661 1152 Philodemus,
685 1066 750 1145 ἓξις
772 1091 823 1144 τις
844 1075 902 1150 τῆς
925 1067 1099 1152 ῥητορικῆς

85 1173 259 1258 δυνάμεως
290 1195 309 1236 a
341 1173 548 1259 physiologia
575 1172 673 1237 inseri
701 1176 825 1259 posset,
857 1173 936 1237 haec
963 1172 1100 1237 facultas

84 1282 171 1344 esset
198 1284 255 1344 aut
282 1279 460 1362 sophistica
487 1283 543 1343 aut
570 1278 716 1364 politica,
743 1283 799 1343 aut
823 1278 1044 1364 eligendorum
1067 1283 1100 1343 et

83 1386 312 1473 fugiendorum
349 1386 466 1450 notitia
503 1385 639 1469 quadam
676 1385 901 1450 contineretur.
961 1383 1099 1450 Omnino

83 1497 195 1557 autem
225 1493 419 1558 rhetoricam
448 1492 635 1557 facultatem
662 1493 702 1557 ad
730 1492 763 1557 id
790 1492 950 1576 pertinere
978 1489 1100 1574 volunt,

87 1598 176 1682 quod
198 1598 248 1662 vel
271 1598 401 1682 publice
425 1598 476 1662 vel
499 1598 651 1682 privatim
674 1599 826 1682 prodesse
845 1598 949 1682 possit
972 1596 1045 1685 (col.
1060 1596 1100 1680 H,

85 1729 118 1788 p.
137 1702 226 1790 283).
272 1705 324 1769 Ex
352 1704 471 1788 quibus
498 1705 579 1769 illud
605 1705 746 1789 primum
771 1704 864 1769 facile
887 1703 1098 1789 redarguitur.

83 1810 171 1876 Nam
194 1810 260 1875 sive
284 1811 449 1894 publicam
472 1812 538 1876 sive
561 1811 721 1895 privatam
740 1811 915 1876 utilitatem
935 1809 1099 1894 sophistae

85 1916 218 2001 quidam
232 1917 382 2000 persequi
396 1922 557 2002 poterant,
576 1941 641 1983 non
656 1941 695 1982 ex
710 1917 886 2002 sophistica
901 1917 957 1982 sed
970 1916 1099 1982 aliunde

84 2025 165 2087 haec
188 2024 324 2088 facultas
347 2025 486 2108 repetita
509 2029 558 2089 est
660 2024 698 2089 In
721 2025 820 2089 dubio
844 2029 952 2088 autem
975 2023 1030 2087 ille
1053 2046 1099 2086 re-

84 2129 219 2213 linquit,
251 2152 314 2213 quo
347 2131 441 2196 modo
472 2154 491 2195 a
519 2129 703 2215 cognitione
731 2129 871 2193 universi
899 2128 1099 2214 singularum

83 2257 195 2299 rerum
221 2235 353 2301 scientia
380 2238 457 2302 oriri
485 2236 602 2321 possit,
633 2258 777 2321 quaeque
805 2235 922 2300 similia
950 2238 1038 2321 sunt,
1067 2239 1099 2300 et

85 2363 169 2425 quae
201 2342 345 2407 veritatis
378 2348 410 2407 et
441 2343 685 2428 probabilitatis
712 2342 883 2408 relationes
911 2343 1099 2407 statuendae

86 2448 153 2512 sint
255 2448 398 2534 Cumque
421 2451 586 2534 sophistae
610 2474 669 2535 pro
693 2450 892 2537 argumentis
915 2455 948 2514 et
972 2450 1099 2514 demon-

85 2555 299 2620 strationibus
332 2557 571 2642 enthymemata
603 2561 768 2641 tamquam
801 2556 918 2621 similia
948 2559 980 2617 et
1008 2555 1099 2638 paria

86 2660 153 2724 illis
175 2661 351 2746 venditent,
373 2663 452 2727 haec
475 2667 545 2728 toto
569 2686 685 2750 genere
709 2664 794 2727 inter
817 2685 850 2726 se
870 2661 999 2745 distant,
1024 2683 1099 2744 quo-

86 2766 174 2831 niam
198 2767 429 2834 demonstratio
453 2770 525 2853 ipsa
543 2770 678 2835 veritate
697 2769 825 2853 nititur,
849 2768 939 2832 euius
958 2767 985 2832 si
1005 2767 1099 2832 detri-

84 2878 231 2938 mentum
254 2875 301 2959 fit,
324 2897 390 2940 non
412 2876 582 2959 probabile
606 2876 746 2941 efficitur
769 2875 824 2940 sed
848 2875 977 2939 omnino
998 2874 1098 2939 viset

82 2979 175 3043 notio
199 2980 345 3045 veritatis
368 2982 502 3046 tollitur.
540 2982 659 3059 Quodsi
683 2981 739 3045 illa
757 3003 808 3046 ars
827 3004 866 3045 ex
885 2980 1002 3045 notitia
1020 2981 1099 3044 veri·

83 3085 163 3149 tatis
187 3086 325 3168 pendere
349 3087 478 3172 dicitur,
503 3110 566 3172 qua
589 3091 710 3173 carent,
734 3110 785 3152 ars
809 3108 877 3151 esse
899 3108 965 3150 non
988 3088 1098 3167 potest

150 3297 264 3380 Itaque
296 3300 422 3365 abiecta
454 3301 630 3387 sophistica
663 3305 696 3365 et
723 3297 850 3364 omissis
878 3294 1097 3380 sophistarum

159 3529 184 3595 1)
205 3528 239 3582 cf.
257 3546 321 3599 pap.
337 3534 397 3599 821,
417 3529 470 3586 col.
484 3529 556 3584 XVI.
