2356 3884
457 193 638 248 —XVllI
687 222 725 230 —

85 346 154 409 curi
174 344 366 409 sententiam
385 343 492 408 eliciat
512 347 544 407 et
565 365 655 407 suam
674 365 746 408 cum
760 343 903 428 Epicuro
924 367 1098 431 congruere

85 452 210 533 probet.
237 449 362 514 Eodem
375 448 527 533 pertinet,
542 450 628 534 quod
641 449 897 534 Philodemus'p.
912 453 963 536 97,
980 454 1019 517 17
1030 475 1098 536 sqq.

84 557 230 640 disputat
253 577 318 619 non
342 577 381 619 ex
402 553 555 620 Convirio
579 555 630 620 vel
654 578 693 620 ex
712 555 806 621 libris
824 559 900 642 napi
918 561 1002 642 βίων
1020 557 1099 642 Epi·

84 662 151 728 curi
181 662 218 743 de
246 661 406 726 rhetorica
434 661 628 727 sententiam
654 661 765 746 quaeri
789 666 951 747 oportere,
979 664 1035 729 scd
1058 687 1097 728 ex

83 770 155 852 ipso
180 768 217 831 de
241 766 401 833 rhetorica
423 767 517 833 libro.
553 768 666 852 ltaque
690 789 791 851 paene
815 773 938 833 certum
958 775 1007 835 est
1025 771 1099 835 Phi-

83 875 245 939 lodamum
272 874 431 958 respicere
458 875 550 960 hacc,
583 896 664 959 quae
693 873 800 940 Stoico
827 875 935 940 nescio
965 876 1015 940 cui
1043 878 1098 941 tri-

84 983 256 1046 bueramus
287 982 483 1068 fragmenta:
516 1003 618 1064 paene
650 985 774 1046 certum
801 986 851 1046 est
876 981 962 1045 hunc
990 981 1098 1064 ipsum

82 1087 231 1152 libellum
259 1110 298 1151 ex
324 1087 513 1172 philosophi
536 1088 640 1153 nostri
664 1087 863 1153 bibliotheca
886 1109 968 1173 esse,
996 1110 1097 1172 eoque

84 1194 161 1257 olim
184 1193 311 1259 illatum
332 1216 409 1278 esse,
432 1198 470 1258 ut
488 1195 690 1260 refutaretur.
729 1193 872 1279 Cumque
890 1195 951 1258 hac
970 1217 1097 1279 quoque

82 1301 134 1364 via
161 1301 195 1364 in
218 1299 399 1364 Philodami
427 1299 661 1365 bibliothecam
683 1300 791 1365 reduci
813 1300 1006 1385 videremur,
1033 1300 1098 1364 iam

81 1430 147 1472 non
184 1407 374 1472 temerarius
406 1406 487 1470 mihi
518 1406 664 1491 videbar,
702 1407 788 1490 quod
820 1427 1027 1489 quaecunque
1059 1407 1098 1469 de

82 1515 242 1578 rhetorica
274 1513 308 1577 in
335 1512 527 1600 fragmentis
555 1516 680 1577 servata
708 1516 783 1576 sunt
816 1513 873 1598 (=
901 1511 995 1576 Herc.
1022 1510 1097 1576 roll.

81 1618 269 1705 V12-X12),
292 1619 481 1703 priusquam
506 1617 702 1683 contrarium
725 1618 999 1702 comprobaretur,
1022 1617 1095 1681 Phi-

82 1726 208 1791 lodemo
232 1725 443 1791 vindicabam.

244 2004 293 2058 Do
316 1999 507 2058 Philodami
531 2013 633 2069 opere
656 2001 732 2071 περὶ
756 1995 943 2072 ῥητορικῆς.

146 2152 321 2218 Volumina
348 2152 426 2216 haec
454 2150 494 2214 ad
518 2147 633 2216 Gaium
658 2149 817 2233 quendam
840 2171 977 2233 puerum
1000 2149 1098 2215 missa

81 2262 169 2341 sunt,
197 2260 236 2321 of.
260 2280 291 2340 p.
311 2260 390 2341 223,
414 2259 443 2323 5.
490 2256 575 2333 Quot
602 2255 679 2320 libri
707 2256 840 2340 fuerint,
867 2278 934 2320 non
958 2261 1096 2321 constat.

79 2364 225 2427 Fuerunt
262 2364 370 2425 autem
409 2362 480 2445 ipso
518 2366 659 2426 testante
697 2367 826 2427 auctore
858 2362 967 2446 plures
1000 2384 1096 2445 quam

81 2469 232 2553 quinque.
270 2463 315 2530 cf.
340 2490 371 2551 p.
392 2468 466 2549 224,
488 2466 521 2531 5:
548 2504 585 2514 —
612 2466 649 2532 ἐν
671 2479 740 2545 τοῖς
762 2469 903 2554 ὕστερον
927 2484 1095 2551 γραφησο-

81 2575 194 2659 μένοις
221 2577 333 2658 λόγοις
360 2573 653 2660 ἀποθεωρήσομεν.
702 2573 815 2659 Itaque
844 2595 916 2638 curn
944 2577 1095 2656 quartum

79 2683 200 2747 librum
227 2680 349 2766 finiret,
376 2679 487 2764 plures
511 2680 687 2746 etiamtunc
709 2681 811 2746 libros
835 2678 1037 2745 conscribere
1060 2680 1095 2744 in

80 2789 187 2853 animo
220 2788 374 2854 habebat.
426 2787 507 2852 Mihi
541 2792 650 2853 autern
681 2787 870 2852 varietatem
902 2784 953 2850 111
986 2808 1096 2850 eorum

79 2895 279 2980 respicienti,
307 2916 389 2979 quae
412 2894 447 2958 in
469 2894 662 2980 fragmentis
685 2898 878 2976 tractantur,
902 2893 954 2957 vel
977 2915 1097 2978 eorum,

80 3025 161 3086 quae
195 3001 316 3085 passim
350 3024 384 3066 se
416 3004 629 3065 tractaturum
659 3003 771 3065 auctor
798 2999 983 3085 pollicetur,
1016 3020 1098 3082 quae

80 3110 216 3194 denique
236 3107 397 3173 continuis
418 3107 552 3192 papyris
571 3106 689 3171 tradita
704 3110 788 3189 sunt,
806 3104 972 3189 aliquanto
987 3104 1097 3187 plures

79 3218 177 3282 fuisse
205 3216 273 3281 veri
297 3214 401 3281 simile
424 3213 529 3278 risum
554 3218 611 3278 est.
658 3211 822 3296 Quamque
846 3209 991 3293 amplum
1015 3230 1098 3290 opus

79 3322 211 3387 molitus
235 3323 287 3407 sit,
309 3321 361 3387 111
384 3320 457 3384 inde
481 3319 558 3384 licet
583 3317 735 3401 conicere,
759 3317 845 3401 quod
864 3315 986 3378 librum
1006 3335 1096 3398 quar-

79 3431 149 3491 tum
173 3427 207 3490 in
231 3429 308 3493 duas
332 3430 441 3512 partes
465 3425 606 3490 diremit.
636 3423 764 3498 ‚Libros
787 3427 895 3488 autem
919 3419 1097 3507 continuos,

80 3533 107 3595 si
134 3553 297 3617 papyrum
322 3535 408 3599 1004
437 3531 505 3596 sine
533 3529 630 3596 titulo
656 3528 808 3595 traditam
831 3527 1022 3593 Philodamo
1046 3527 1096 3592 de-
