2356 3884
485 187 525 194 —
572 157 750 212 XXIX-

103 314 170 396 τῆν
199 306 237 375 δὲ
260 306 440 395 ῥητορικὴν
463 303 614 392 ἐπειρᾶτο
638 308 743 373 εἰπεῖν
766 306 940 406 οὐδεμ[ίαν
964 308 1051 393 ἔχειν
1074 307 1125 371 vel

105 418 180 483 sim.
228 413 274 479 cf.
298 412 389 480 Sexti
412 411 570 497 Empirici
594 411 662 477 adv.
686 413 767 478 rhet.
791 415 872 494 §48
883 435 951 498 sqq.

177 544 208 608 g.
232 523 280 586 ἐτι
304 517 334 584 δ’
357 520 389 585 εἰ
410 520 454 603 μὴ
479 518 606 603 ἐκείνης
627 521 717 585 ἐστιν
734 544 766 586 τι
784 517 889 604 τέλος,
911 516 963 606 ἐφ’
982 519 1000 584 δ
1019 520 1126 585 πάντα

107 630 150 695 τά
178 625 262 714 μέρη
287 626 463 692 συννεύειν
487 625 627 712 ὀφείλει,
654 635 713 710 τῆς
736 626 911 712 ῥητορικῆς
933 623 1034 692 οὐδέν
1058 625 1127 692 ἐστι

107 732 204 811 τέλος
226 730 294 826 1X2,
315 732 393 816 1013
417 733 504 816 quod
526 731 709 798 illustratur
732 731 822 798 Sexti
843 732 938 817 Emp.
957 734 1025 798 adv.
1045 734 1126 798 rhei.

111 842 254 908 89-92.

178 948 210 1011 h.
238 995 293 1016 ...
316 948 397 1032 μετὰ
424 946 547 1030 ταύτην
575 945 637 1029 τῆν
659 944 869 1031 ἐπικειμένην
891 946 1127 1032 ύπομνῆσομεν

111 1054 237 1140 ἐκείνη·
271 1055 375 1138 δῆλον
406 1052 457 1118 ὅτι
488 1052 552 1138 γάρ
585 1061 674 1118 πᾶσα
706 1050 804 1139 τέχνη
832 1053 930 1140 χάριν
958 1055 1128 1140 ὠφελίμου

111 1161 203 1237 τινὸς
225 1161 274 1237 εἰς
296 1162 355 1227 τὸν
378 1162 455 1244 βίον
478 1160 625 1244 εἰσῆκται
648 1157 741 1224 καλ*
763 1156 819 1224 καί
842 1163 1126 1245 παρασκευαστικὴ

112 1268 353 1351 συμφερόντων
376 1264 480 1331 ἐστίν·
503 1265 524 1348 ῆ
549 1260 587 1329 δὲ
610 1264 767 1350 ῥητορικὴ
791 1265 944 1350 πρὸς...
967 1263 1036 1350 121²,
1055 1269 1126 1334 105.

111 1373 150 1437 cf.
175 1370 267 1438 Sexti
288 1371 384 1455 Emp.
408 1371 477 1436 adv.
500 1371 742 1454 rhet.10-12,
765 1370 822 1435 ubi
845 1371 962 1436 similia
986 1372 1127 1438 Critolao

112 1479 240 1544 dantur.

179 1584 200 1648 i.
232 1585 385 1669 τοιαύτης
414 1580 452 1648 δὲ
479 1592 535 1668 τῆς
561 1586 692 1670 πρώτης
719 1583 917 1662 ἀποδείξεως
944 1590 1128 1671 πεφυκυίας

112 1689 269 1777 βλέπεται
295 1693 332 1756 τὸ
361 1689 628 1776 διημαρτημένον
655 1693 719 1775 ῆδη
745 1689 800 1757 καὶ
823 1700 880 1774 τῆς
903 1689 1128 1776 ἐκδεχομένης,

112 1794 192 1864 καθ’
216 1797 259 1881 ἣν
282 1794 409 1880 ἐλέγετο
431 1805 520 1862 πᾶσα
543 1795 640 1882 τέχνη
665 1799 842 1884 τυγχάνειν
865 1795 916 1864 άεί
936 1808 996 1864 τοῦ
1014 1797 1130 1877 τέλους

114 1904 241 1990 ῆκατδι
265 1907 301 1970 τὸ
325 1909 491 1989 πλεῖστον,
518 1904 539 1987 ἡ
565 1901 602 1970 δὲ
625 1904 782 1993 ῥητορικὴ
806 1903 989 1992 μηδετέρου
1011 1904 1131 1989 γένους

115 2009 278 2096 μετέχειν·
306 2011 386 2076 ὅταν
411 2007 448 2075 δέ
470 2009 526 2076 καί
549 2014 666 2096 πεάλη,
696 2013 752 2077 διά
774 2036 850 2077 τινα
872 2023 939 2077 τῶν
961 2024 1085 2078 κοινῶν
1108 2013 1128 2096 ῆ

112 2115 169 2183 καὶ
192 2128 259 2182 τῶν
283 2119 458 2183 ἰδιωτικῶν
479 2116 620 2202 νέμησιν
642 2127 702 2182 τοῦ
725 2115 840 2193 τέλους
862 2117 1040 2200 τυγχάνειν
1059 2116 1128 2201 XF,

116 2225 189 2289 101.
236 2222 282 2288 cf.
306 2222 397 2288 Sexti
419 2223 514 2307 Emp.
538 2223 607 2287 adv.
630 2223 711 2287 rhet.
738 2224 876 2288 13—15.

181 2330 212 2393 k.
237 2328 390 2415 Legimus
413 2328 481 2414 IX2‚
504 2330 548 2395 52
567 2360 609 2382 =
628 2328 696 2414 XF,
722 2333 799 2397 100:
829 2369 867 2378 —
892 2332 947 2397 καί
970 2333 1070 2417 φύσις
1093 2328 1130 2397 δέ

115 2439 303 2520 κατενοῆθη
327 2439 364 2502 τὸ
388 2446 444 2521 τῆς
466 2435 582 2522 τέχνης
604 2441 704 2523 ἐργον
728 2438 912 2506 ἀποτελεῖν·
936 2441 984 2504 ἔτι
1003 2441 1034 2504 εἰ
1051 2456 1130 2522 συγ-

113 2544 300 2628 κεχώρηταί
323 2565 415 2620 τινας
443 2543 627 2622 ἀδιδάκτως
655 2540 693 2611 εὖ
718 2542 839 2630 λέγειν,
868 2543 939 2610 ἀλλ’
967 2545 1028 2610 οὐκ
1051 2544 1131 2609 άπο-

114 2649 282 2714 δεικνύειν
301 2645 468 2734 φῆσουσιν
487 2652 626 2736 άτεχνον
640 2646 746 2718 οὖσαν
760 2653 822 2736 τὴν
836 2653 1023 2739 ρητορικῆν.
1052 2648 1130 2715 Gon-

115 2756 200 2821 feras
223 2753 291 2840 IX2,
314 2757 358 2821 60
377 2787 419 2809 --
438 2754 506 2840 ΙΧΞ,
530 2759 587 2842 98,
614 2759 652 2823 fr.
677 2760 710 2823 8:
744 2769 856 2844 σαφῶς
882 2758 946 2843 γάρ
974 2758 1053 2841 ἔφη,
1081 2758 1131 2822 ὅτι

114 2861 278 2946 Δημάδης
301 2861 361 2928 οὐκ
384 2865 521 2948 ἔμαθεν,
548 2863 592 2942 ὣς
615 2862 646 2929 δ’
668 2865 775 2942 αύτως
797 2866 958 2950 Αἰσχίνης
980 2866 1054 2949 ῆτοι
1076 2862 1131 2928 καί

115 2964 193 3053 παρ’
221 2968 333 3034 άλλων
359 2967 380 3052 ii
409 2966 453 3034 δι’
481 2969 591 3036 αὑτῶν
618 2971 658 3035 τά
686 2972 849 3055 μεθοδικδι
877 2979 934 3055 τῆς
957 2971 1132 3055 ῥητορικῆς

116 3070 187 3140 οὔτ’
211 3075 338 3140 άπλατα
361 3077 397 3141 τὸ
421 3080 551 3159 πλῆθος
574 3077 654 3142 ὄντα
671 3078 983 3163 προσκαρτερῆσεως
1000 3098 1035 3139 τε
1052 3080 1131 3140 πολ-

116 3185 177 3263 λῆς
200 3179 241 3246 ού
265 3181 418 3264 δεόμενα·
442 3178 585 3266 τὸνμὲν
608 3183 671 3268 γάρ
695 3181 921 3267 Δημοσθένην
943 3181 1063 3256 πάντες
1081 3204 1132 3246 κε-

116 3286 279 3371 κράγασιν
302 3285 337 3351 οἰ
352 3285 422 3352 κατ’
443 3287 546 3353 αὐτὸν
565 3291 716 3373 τεχνίτην
734 3284 820 3355 εἶναι
838 3285 894 3353 καί
912 3289 1132 3372 Κριτόλαος

116 3392 180 3459 ούκ
203 3393 411 3479 άπαρνεῖται·
435 3394 554 3481 ὀχυροί
575 3391 612 3460 δὲ
634 3393 769 3480 προσέτι
791 3396 828 3460 τὸ
852 3395 1051 3478 ταττόμενον
1070 3387 1129 3477 ὑφ’

116 3496 212 3582 ἡμῶν
236 3498 347 3566 αὐτῶν
370 3501 469 3587 μικρά
491 3502 580 3587 παρά
603 3508 662 3584 τῆς
684 3498 800 3585 τέχνης
822 3500 924 3567 αὐτὸν
947 3497 1132 3585 εἰληφέναι·
