2356 3884
504 199 546 206 —
592 170 709 225 XXXIV
756 198 797 205 —

143 323 200 405 qui
223 341 327 404 neque
351 319 385 383 in
409 318 529 383 forensi
552 340 656 402 neque
676 319 711 384 in
729 318 870 384 iudiciali
889 341 993 404 neque
1012 320 1047 383 in
1065 343 1161 405 pane-

143 427 255 511 gyrico
279 446 396 510 genere
415 424 518 489 ullum
536 425 599 489 arti
617 425 725 491 locum
744 449 812 491 esse
832 425 927 492 dixit:
950 449 1054 512 neque
1074 427 1160 491 enim

144 555 213 596 esse
237 554 332 616 posse
355 530 445 616 vulgi
465 531 625 614 quandam
644 554 717 596 cum
735 536 804 597 arte
823 534 1064 617 persuasionem
1082 533 1160 618 Epi·

144 639 211 704 curi
231 636 418 702 testimonio
438 637 594 722 patefieri,
618 638 704 723 quod
722 660 753 721 p.
769 639 813 702 94
831 639 1003 721 profertur.
1011 639 1036 724 ¹)
1064 640 1160 717 Quin-

143 752 197 810 tus
216 743 338 808 accedit
358 743 513 830 magister
527 742 745 827 Atheniensis,
769 743 824 827 qui
844 766 916 809 cum
934 745 1042 810 XXVX
1059 769 1161 811 annos

144 849 386 935 philosophiam
400 848 647 938 (Epicuream‘l)
665 851 866 935 profiteatur,
883 854 993 915 tamen
1009 851 1067 914 ubi
1080 853 1163 915 haec

145 957 291 1041 quaestio
314 956 515 1042 profligetur,
538 979 604 1021 non
626 955 785 1020 invenerit
808 956 927 1041 quique
950 979 969 1021 a
992 956 1161 1040 discipulis

145 1063 288 1129 sollertia
316 1067 348 1126 et
371 1062 544 1149 indagandi
568 1063 723 1127 felicitate
747 1067 917 1146 superatus
940 1063 991 1128 sit.
1037 1061 1160 1147 Itaque,

144 1169 261 1253 inquit,
282 1172 318 1233 ut
337 1167 385 1233 illi
404 1170 524 1234 frustra
544 1190 695 1254 quaerere
715 1169 905 1254 desinerent,
924 1170 998 1235 illos
1015 1169 1162 1254 Epicuri,

145 1275 345 1361 Hermarchi,
368 1275 545 1341 Metrodori
563 1276 652 1341 locos
671 1275 706 1339 in
723 1276 828 1340 medio
848 1277 1013 1361 proposui.
1031 1315 1068 1323 -
1084 1276 1160 1343 Non

145 1404 278 1466 possum
299 1381 426 1467 singula
444 1381 605 1466 persequi,
629 1381 781 1466 quoniam
799 1382 873 1446 illae
893 1383 1030 1468 paginae
1050 1381 1161 1445 etiam-

144 1511 230 1554 nunc
253 1508 404 1574 magnam
428 1491 554 1571 partem
577 1487 794 1553 restituendae
818 1491 901 1552 sunt.

211 1594 250 1658 In
269 1593 479 1678 sequentibus
498 1616 544 1679 ea,
568 1615 649 1678 quae
668 1593 840 1658 adversarii
859 1616 899 1657 ex
916 1593 1011 1658 libris
1025 1594 1160 1677 Epicuri

145 1705 178 1765 et
187 1700 364 1765 Metrodori
377 1705 488 1765 contra
498 1699 723 1771 Philodamum
732 1699 917 1784 attulerant,
928 1699 1162 1764 examinantur.

144 1806 193 1871 Ac
212 1807 353 1889 primum
372 1829 402 1890 p.
420 1808 492 1890 102,
507 1808 670 1890 22-119,
684 1807 725 1871 27
741 1806 831 1870 locus
847 1804 991 1870 Convivii
1006 1806 1160 1890 Epicurei

144 1916 315 1995 tractatur,
344 1933 439 1996 quem
467 1912 640 1977 adversarii
668 1915 779 1976 contra
804 1912 1030 1977 Philodamum
1052 1913 1160 1976 afferri

38 2056 41 2063 ·
146 2040 242 2102 posse
265 2020 466 2102 putaverant.
504 2017 586 2083 Tum
606 2020 679 2103 119,
698 2020 862 2103 28-120,
881 2019 902 2084 5
925 2039 965 2082 ne
984 2018 1160 2084 Metrodori

146 2125 276 2210 quidem
302 2125 391 2190 locos
418 2128 530 2190 contra
558 2147 591 2189 se
620 2125 795 2209 productos
823 2125 998 2209 quidquam
1020 2126 1159 2208 probare

146 2255 241 2315 posse
270 2232 361 2316 dicit,
389 2232 619 2317 pollicitusque
647 2254 681 2297 se
709 2232 901 2317 singillatim
930 2232 968 2295 de
994 2232 1162 2297 nonnullis

145 2338 243 2401 rebus
266 2337 331 2400 alio
355 2337 453 2400 etiam
475 2337 546 2402 loco
570 2339 669 2402 verba
692 2338 853 2402 facturum
871 2338 1057 2422 Metrodori,
1080 2337 1159 2402 Her·

145 2442 281 2526 marchi,
308 2441 444 2526 Epicuri
467 2443 662 2507 testimoniis
686 2444 952 2527 acquiescendum
977 2449 1085 2509 censet
1108 2445 1160 2508 ad·

144 2549 228 2612 iecto
258 2549 318 2612 sub
347 2549 444 2612 finem
471 2549 568 2613 huius
591 2549 694 2632 partis
716 2549 892 2615 Metrodori
915 2551 1000 2634 loco,
1033 2573 1160 2635 quone

145 2654 356 2737 sophisticam
380 2654 509 2739 quidem
532 2655 725 2721 rhetoricam
748 2657 834 2721 haud
857 2679 948 2722 secus
971 2679 1008 2721 ac
1031 2657 1160 2721 iudicia-

143 2763 209 2825 lem
236 2765 269 2825 et
297 2764 457 2826 forensem
485 2762 554 2827 sine
582 2784 642 2828 usu
666 2762 804 2846 quodam
828 2786 865 2828 ac
888 2785 994 2829 rerum
1018 2763 1160 2828 civilium

144 2865 263 2930 notitia
287 2867 423 2953 cogitari
447 2891 542 2952 posse
566 2869 754 2953 explicetur.

214 2972 332 3058 Terti0,
357 2974 443 3057 quod
461 2980 623 3061 posuerat,
647 2976 752 3060 capite
772 2976 818 3064 (p.
835 2979 908 3062 122,
922 2977 1086 3060 25-136,
1101 2974 1163 3062 20)

146 3079 332 3163 exponitur:
365 3081 451 3145 διότι
484 3083 525 3165 δὴ
555 3080 610 3147 καὶ
639 3078 710 3148 κατ’
740 3082 903 3167 ἀλήθειαν
933 3082 954 3165 ἡ
985 3083 1159 3167 σοφιστικὴ

145 3187 302 3272 ῥητορικὴ
330 3186 427 3274 τέχνη
451 3191 500 3264 τίς
523 3187 613 3254 ἐστιν
635 3191 715 3275 περί
733 3213 768 3254 τε
790 3191 848 3266 τὰς
871 3188 1057 3268 ἐπιδείξεις,
1088 3187 1163 3264 οἵας

219 3435 244 3497 1)
268 3430 359 3487 Video
382 3450 457 3488 nunc
475 3451 502 3503 p.
518 3439 552 3490 94
571 3450 634 3488 cum
655 3439 719 3503 100,
739 3439 883 3502 12-101,
903 3440 937 3490 33
962 3434 1162 3490 conferendam

144 3534 219 3588 csse,
238 3518 312 3574 unda
332 3525 380 3592 95,
400 3526 415 3577 7
434 3530 530 3578 κακῶν
549 3522 701 3592 legendum
720 3537 781 3577 esse
799 3522 900 3580 elucet.
