2356 3884
478 158 670 212 -XXVII
717 187 753 194 —

174 308 359 391 Quaeritur,
396 311 508 372 contra
544 329 626 391 quos
658 306 866 373 Philodemus
903 307 1126 392 disputaverit.

106 415 253 480 Primum
277 415 407 499 quidem
431 418 543 478 contra
562 412 682 497 Stoam,
705 412 797 479 ouius
818 436 938 478 nomen
955 413 1126 499 V11P‚44,

105 520 175 605 1X2,
199 523 242 586 92
270 525 414 605 apparet.
462 519 508 585 cf.
531 518 584 604 Χῖ,
607 521 650 585 65
678 521 716 584 fr.
741 522 775 603 5,
802 519 871 604 XF,
894 522 966 586 103.
1011 519 1125 605 Itaque

106 627 188 692 mihi
219 627 287 692 veri
319 627 424 692 simile
451 626 557 692 visum
585 631 634 691 est
661 624 729 710 IX2,
752 629 792 691 91
819 631 851 690 et
875 629 917 693 93
945 626 1126 712 Diogenem

106 733 200 798 illum
221 733 441 817 Babylonium
468 732 538 797 dici.
586 731 684 797 Cuius
712 732 855 817 aequalis
879 731 1041 798 Critolaus
1066 733 1125 797 ibi-

107 840 182 903 dem
207 837 281 922 IX2,
309 841 352 904 94
363 862 432 923 sqq.
460 839 589 923 saepius
616 839 808 922 appellatur.
858 837 992 903 Accedit
1020 839 1125 904 Ptole-

107 967 218 1010 maeus
242 945 382 1029 quidam,
405 949 486 1029 puto
505 944 686 1029 Epicureus
704 943 943 1010 Alexandrinus
965 943 1034 1030 XF,
1052 948 1125 1030 103,

108 1053 245 1116 fortasse
274 1049 486 1133 [Asces]ilaus
515 1049 686 1136 1X2,107,
719 1050 906 1117 Theodorus
935 1051 1126 1136 Cyrenaeus,

107 1157 271 1242 Aristippi
301 1157 431 1222 assecla.
480 1157 595 1242 Neque
624 1158 710 1222 enim
737 1158 841 1223 faeere
869 1180 1015 1244 possum,
1047 1159 1126 1242 quin

107 1262 164 1348 X2,
185 1266 247 1330 149
272 1264 309 1328 fr.
329 1267 349 1329 9
376 1264 422 1329 sie
446 1265 638 1348 exprimam:
667 1262 736 1329 ἐπεὶ
761 1260 798 1329 δὲ
820 1265 878 1341 τὰς
899 1268 1025 1342 πίστεις
1049 1265 1125 1330 ἀπε-

107 1373 327 1456 θεωρήσαμεν
350 1381 410 1437 τοῦ
433 1373 622 1457 φιλοσόφου
645 1371 782 1456 τούτου,
806 1371 916 1456 ὥσπερ
940 1371 1126 1459 ἀκολουθίᾳ

108 1478 297 1561 ἐπιζητῆσαι
317 1480 371 1543 δεῖ
386 1475 440 1542 καὶ
460 1478 517 1554 τὰς
534 1485 595 1544 τοῦ
612 1480 836 1570 [Κυρην]οιίου
853 1479 1032 1564 Θεοδώρου
1050 1476 1126 1563 περὶ

107 1595 176 1648 τῶν
195 1584 317 1667 αὐτῶν,
336 1586 380 1661 ὥς
394 1601 497 1670 φησιυ
512 1581 620 1666 οὗτος,
638 1582 859 1671 ἠρωτημένας.
891 1583 1006 1668 Itaque
1020 1584 1124 1670 magis

109 1689 278 1775 magisque
296 1690 441 1755 videmus
459 1691 542 1755 hanc
562 1691 600 1755 de
619 1690 779 1755 rhetorica
793 1690 1024 1776 quaestionem,
1043 1712 1125 1774 quae

108 1795 205 1859 nobis
228 1801 295 1860 tam
319 1795 413 1860 exilis
434 1796 570 1880 videtur,
593 1796 688 1881 apud
703 1802 827 1862 veteres
851 1795 938 1860 omni
962 1800 1125 1880 exspecta-

108 1902 197 1966 tione
219 1902 318 1967 latius
342 1902 485 1986 patuisse
505 1908 538 1968 et
557 1903 742 1968 acutissima
761 1924 906 1988 quaeque
925 1903 1126 1968 saeculorum

107 2008 239 2094 ingenia
258 2007 441 2073 detinuisse.
476 2007 617 2093 Iamque,
637 2009 762 2092 opinor,
780 2030 909 2073 causam
928 2008 1126 2092 dispicimus

108 2137 166 2179 cur
192 2114 245 2179 hio
268 2115 475 2199 potissimum
497 2115 582 2179 liber
604 2119 655 2178 tot
678 2113 918 2196 exemplaribus
941 2112 993 2176 vel
1016 2113 1126 2195 potius

108 2221 299 2308 fragmentis
322 2221 460 2286 traditus
484 2220 534 2285 sit.
576 2219 622 2285 Ut
646 2218 753 2284 brevis
776 2217 846 2301 sim,
870 2217 945 2302 quia
968 2217 1126 2301 plurimos

108 2327 286 2412 alliciebat,
316 2328 455 2392 maxime
483 2327 678 2410 delectabat,
706 2325 893 2410 saepissime
921 2326 1125 2410 poscebatur.

177 2433 301 2510 Quibus
338 2434 524 2518 praemissis
561 2434 705 2520 singulas
742 2432 997 2498 adversariorum
1033 2453 1126 2518 argu-

108 2541 324 2605 mentationes
362 2546 563 2606 enumeratas
600 2541 704 2627 magis
737 2562 834 2625 quam
866 2539 1041 2624 dispositas
1075 2538 1126 2601 ad-

110 2645 294 2733 scribam.²)

180 2775 206 2817 a.
240 2754 258 2820 ὁ
281 2757 430 2840 τεχνίτης
452 2754 472 2839 ἢ
496 2757 597 2839 μόνος
619 2753 640 2838 ἢ
664 2754 804 2839 μάλιστα
827 2762 888 2820 τοῦ
911 2749 1028 2830 τέλους
1049 2775 1128 2834 τυγ-

108 2859 216 2946 χάνει·
251 2863 324 2942 [τοῦ
357 2856 395 2925 δὲ
428 2869 589 2945 σοφιστοῦ
616 2858 657 2925 οὐ
685 2862 790 2944 μόνον
818 2860 836 2925 ὁ
864 2855 988 2935 τέλειος
1016 2857 1126 2943 ῥήτωρ

110 2971 237 3049 μᾶλλον
256 2963 422 3052 τυγχάνει]
444 2962 600 3031 ἀλλὰκαὶ
620 2966 638 3032 ὁ
657 2967 765 3051 τυχὼν
782 2965 973 3050 ἀγωνόιριψ
991 2960 1060 3045 1Χῖ
1074 2965 1126 3028 42.

108 3071 219 3136 Verba
251 3072 323 3156 ipsa
350 3072 395 3136 sic
421 3094 489 3136 non
515 3076 641 3137 servata
668 3071 725 3136 sed
752 3093 771 3135 a
798 3093 849 3135 me
878 3093 918 3134 ex
945 3068 1127 3133 Philodami

109 3177 305 3243 refutatione
334 3179 444 3244 refiota
472 3182 555 3243 sunt.
603 3177 689 3254 Quae
718 3177 809 3241 uncis
837 3175 965 3258 inclusi,
996 3172 1127 3237 omnino

109 3283 293 3350 coniectura
317 3283 474 3368 supplevi.

183 3428 209 3494 1)
233 3426 375 3495 Laounas,
399 3439 472 3494 quae
494 3424 659 3494 plerumque
681 3418 820 3475 maximae
844 3419 922 3486 sunt,
946 3417 977 3472 in
994 3417 1039 3472 his
1057 3433 1123 3471 raro

111 3512 219 3569 notavi.
