2356 3884
481 209 522 215 -
568 180 657 234 XLIII
704 209 744 215 —

101 330 228 396 Eodem
251 329 407 414 pertinet,
434 329 519 413 quod
544 350 616 393 cum
639 328 811 394 inutilibus
834 351 1023 396 aranearum
1045 332 1120 397 telis

102 436 303 521 compararit
336 435 391 499 ille
424 435 640 499 subtilitatem
672 435 941 521 philosophorum
974 437 1120 524 syllogis-

102 544 166 608 mis
192 544 306 627 utique
332 541 494 607 utentium
521 563 581 606 nec
608 542 853 625 probabilitatis
881 547 914 607 et
941 543 1008 607 veri
1036 545 1121 610 simi-

101 649 250 714 litudinis
289 648 447 714 rationem
484 647 732 713 admittentium.
793 648 855 713 Sed
892 649 978 735 quod
1014 650 1119 715 rheto-

102 755 196 820 ribus
228 759 357 839 praestc
391 758 453 838 est,
485 753 518 818 id
551 754 649 819 etiam
681 754 877 840 philosopho
905 760 1005 840 patet.
1050 755 1119 822 Nec

103 866 214 926 tamen
236 860 435 945 philosophi,
458 865 495 925 ut
514 858 571 944 illi,
594 865 715 925 temere
738 862 778 926 τὰ
801 864 912 927 εἰκότα
934 860 990 927 καὶ
1007 864 1047 927 τὰ
1066 863 1120 928 εὔ-

103 974 186 1051 λογα
209 968 374 1051 adhibent,
397 967 452 1031 sed
475 967 574 1031 talem
598 968 912 1055 argumentationem
931 968 971 1033 iis
990 968 1119 1053 quidem

102 1073 211 1157 bonis,
240 1096 321 1157 quae
349 1063 516 1159 ἀδιάφορα
542 1078 710 1158 vocantur,
738 1076 889 1160 afferunt,
916 1074 983 1139 vim
1010 1079 1119 1141 autem

101 1184 136 1244 et
162 1184 312 1244 naturam
340 1179 417 1244 iusti
446 1184 478 1243 et
505 1179 595 1244 utilis
623 1180 803 1266 syllogismi
830 1181 1020 1246 necessitate
1049 1204 1119 1265 pcr-

102 1285 184 1369 spici
208 1290 241 1349 et
264 1285 398 1350 iudicari
422 1291 571 1369 oportere
595 1285 713 1351 sciunt:
737 1286 771 1350 in
792 1308 856 1371 quc
875 1287 1118 1371 probabilitatis

100 1391 192 1456 loeus
214 1391 323 1456 nullus
344 1396 392 1456 est
411 1389 645 1480 (XV—XVH).
681 1391 750 1457 Iam
768 1392 847 1458 duas
866 1394 1118 1459 adversariorum

101 1498 359 1581 comparationes
387 1499 427 1562 ab
457 1499 525 1563 iure
552 1499 686 1565 iurando
715 1504 748 1563 et
771 1500 896 1565 retibus
918 1500 1118 1583 thynnorum

100 1608 247 1688 sumptas
275 1606 396 1669 refutat
422 1605 616 1689 tertiamque
644 1606 713 1691 ipse
739 1605 774 1670 in
797 1606 942 1671 rhetores
965 1605 1060 1691 fingit
1085 1610 1117 1670 et

100 1711 307 1794 persequitur
331 1709 465 1798 (XVIII,
488 1709 586 1797 XIX).

169 1816 316 1881 Eundem
340 1817 490 1902 deinceps
514 1817 656 1882 ciusdem
680 1817 848 1902 scriptoris
871 1817 992 1882 librum
1016 1838 1117 1901 usque

99 1922 232 1998 excutit.
270 1923 331 1999 Qui
354 1923 401 1988 ita
424 1924 564 1988 disserit:
587 1925 745 1990 rationem
767 1926 950 1990 habendam
973 1924 1117 1990 iustitiae

99 2032 134 2092 et
152 2028 338 2114 iniustitiae,
358 2030 485 2113 qualem
498 2029 614 2115 volgus
631 2033 743 2117 fingat,
761 2031 837 2096 lieet
857 2033 897 2096 ab
918 2031 1021 2115 ipsius
1039 2030 1116 2094 iusti

101 2138 135 2198 et
158 2134 270 2199 iniusti
289 2139 403 2200 natura
422 2136 559 2219 recedat,
581 2158 646 2200 non
667 2135 794 2219 qualem
813 2136 1028 2220 philosophus
1046 2158 1117 2200 cen·

100 2244 178 2323 seat,
205 2241 349 2324 quamvis
373 2263 445 2305 cum
468 2245 583 2305 natura
608 2244 772 2326 congruat.
817 2240 916 2327 Volgi
940 2241 1026 2305 enim
1049 2243 1116 2326 opi-

98 2345 212 2411 niones
244 2351 409 2430 tamquam
441 2369 589 2412 nummos
622 2347 819 2412 circumferri
847 2352 879 2411 et
906 2348 1025 2434 valere,
1057 2371 1116 2413 nec

99 2451 251 2535 prodesse
274 2453 409 2518 aliarum
431 2454 658 2520 inventionem.
706 2453 758 2520 Sic
781 2455 995 2540 philosophos
1017 2478 1116 2520 novas

99 2559 178 2622 iusti
202 2563 234 2623 et
257 2559 369 2623 iniusti
392 2558 541 2624 notiones
563 2561 615 2624 vel
638 2584 677 2626 ex
700 2561 772 2645 ipsa
795 2583 903 2625 rerum
925 2564 1042 2625 natura
1062 2561 1115 2625 eli-

98 2664 222 2730 cientes
244 2688 348 2751 nugas
371 2687 474 2751 agere.
493 2666 610 2731 -Sed
632 2689 736 2751 neque
756 2691 774 2731 a
791 2667 881 2753 volgi
905 2666 1115 2750 opinionibus

99 2771 262 2854 Epicurus
281 2771 420 2836 multum
439 2772 547 2837 differt
566 2773 675 2837 devia
695 2796 732 2838 ac
750 2775 874 2840 ratione
894 2777 1030 2858 tantum,
1052 2795 1115 2857 qua

95 2894 266 2942 summum¹
278 2879 401 2942 bonum
420 2879 567 2964 efficitur,
591 2879 790 2966 dissentiens,
812 2885 845 2945 et
863 2880 989 2965 politici
1008 2903 1115 2946 rerum

97 2987 133 3046 et
156 2988 339 3068 temporum
361 2985 551 3049 necessitate
574 2986 662 3050 ducti
686 3009 725 3051 ex
749 3010 806 3052 sua
824 2987 968 3070 libidine,
990 3010 1056 3052 non
1075 2987 1115 3050 ad

97 3111 245 3153 normam
260 3091 425 3177 volgarem
442 3092 608 3158 notionem
622 3093 700 3158 iusti
714 3096 916 3160 conformant
931 3097 963 3158 et
977 3095 1113 3178 fingunt.

97 3195 319 3281 Philosophus
346 3202 454 3262 autem
481 3221 547 3262 non
570 3198 673 3264 solum
697 3201 894 3286 cogitatione
917 3199 982 3264 vim
1006 3203 1038 3262 et
1061 3221 1114 3263 na-

99 3306 206 3366 turam
229 3303 359 3368 virtutis
382 3305 513 3388 penitus
536 3306 701 3390 perspicit,
725 3306 780 3371 sed
799 3306 897 3371 etiam
915 3305 949 3370 in
969 3304 1114 3388 qualibet

98 3408 229 3474 civitate
253 3411 426 3496 tranquille
448 3412 555 3476 rivere
578 3415 687 3495 potest
711 3409 944 3498 (XX—XXV).

162 3514 212 3585 Ut
235 3521 344 3581 autem
367 3517 527 3583 rhetorica
549 3517 650 3581 vitam
673 3518 803 3583 beatam
825 3518 955 3584 reddere
974 3541 1040 3584 non
1059 3539 1115 3603 po·
