2356 3884
487 179 718 233 -Xll—

92 329 226 397 discissa
259 333 315 394 051.
365 327 451 395 Nam
479 351 552 393 cum
580 329 623 393 24
651 328 790 414 paginae
819 327 965 393 evolutae
994 335 1110 416 essent,

92 437 180 501 bello
218 436 435 501 intercedente
473 456 555 518 opus
593 435 747 500 omissum
785 439 834 500 est
866 434 964 524 (anno
1000 434 1109 522 1799).

94 540 237 627 Cumque
265 543 325 607 1100
354 545 397 608 24
421 541 559 627 paginae
583 541 681 606 nimis
705 541 895 608 dilaceratae
919 542 998 627 sint,
1026 565 1109 627 quae

92 649 202 733 paullo
231 654 307 734 post
335 648 481 714 evolutae
510 652 585 713 sunt
612 648 750 733 paginae
773 651 819 714 44
846 650 1013 735 egregium
1040 655 1108 716 tex·

93 760 163 820 111111
197 755 361 821 exhibent.
415 754 454 820 In
486 776 549 839 quo
582 758 827 838 peropportune
860 755 989 840 accidit,
1023 758 1110 841 quod

92 861 193 948 Angli
224 863 308 927 hanc
340 866 467 946 partem
499 860 738 945 descripserunt
770 859 828 948 (=
849 860 943 926 Herc.
961 861 1046 926 Voll.
1070 863 1109 946 H,

93 991 124 1052 p.
148 967 279 1055 1-45).
326 968 527 1053 Quamquam
554 967 640 1032 enim
668 989 783 1051 parum
806 967 979 1053 diligenter
1001 966 1036 1032 in
1059 967 1109 1031 dc-

93 1074 262 1139 scribendo
277 1075 396 1140 versati
415 1079 500 1160 sunt,
517 1079 627 1139 tamen
645 1074 765 1140 multas
784 1074 951 1140 schedulas
970 1072 1109 1161 margini

55 1165 57 1169 ⁸
93 1180 290 1267 adiecerunt,
314 1204 396 1266 quae
420 1183 454 1247 in
475 1181 509 1248 N
532 1182 656 1247 desunt.

159 1288 308 1371 Papyrus
333 1291 418 1355 1069
443 1289 606 1374 quintum,
636 1311 732 1373 quem
755 1290 864 1373 posui,
891 1289 1012 1353 librum
1036 1309 1107 1352 con-

93 1394 177 1459 tinet
193 1425 235 1447 =
249 1391 293 1459 V1
311 1395 332 1458 f.
349 1398 466 1460 1-67.
494 1396 608 1460 Ρο1105
627 1396 770 1460 ciusdem
788 1394 907 1480 papyri
927 1416 995 1458 esse
1015 1394 1108 1459 credo

92 1523 167 1584 pap.
183 1501 248 1565 220
263 1532 305 1553 =
320 1499 380 1565 Vp
391 1500 453 1565 fol.
470 1502 643 1567 188-199
665 1506 697 1566 01
716 1524 747 1584 p.
764 1502 860 1584 1018,
880 1502 967 1566 1080
982 1498 1110 1565 =VH²

92 1607 147 1671 fol.
165 1593 348 1674 rol-'185
375 1607 496 1691 Papyri
513 1608 597 1672 1078
614 1611 646 1672 01
662 1608 749 1672 1080
763 1607 945 1692 fragmenta
957 1606 1108 1690 Neapoli·

93 1711 162 1777 tani
175 1713 318 1778 numeris
330 1716 437 1780 1-32
449 1713 683 1797 inscripserunt
696 1717 851 1797 tanquam
865 1713 960 1778 unius
970 1713 1109 1796 01101100,

93 1823 178 1883 10010
207 1819 275 1884 sinc
304 1819 412 1885 dubio.
458 1819 571 1903 Itaque
599 1820 650 1885 his
674 1819 853 1885 coniunctis
875 1824 941 1884 tres
965 1841 1108 1904 papyros

92 1925 259 2010 habemus,
281 1924 333 1989 vel
356 1925 466 2010 potius
489 1930 556 1990 tres
578 1925 673 1990 unius
697 1925 815 2009 papyri
833 1929 951 2009 partes.
991 1924 1109 1989 Forma

92 2031 274 2096 litterarum
297 2032 393 2116 plane
417 2032 528 2097 eadem
551 2036 613 2116 051,
637 2036 763 2097 constat
786 2033 884 2117 ratic,
907 2033 935 2098 51
958 2054 1108 2096 versuum

93 2160 271 2222 numerum,
291 2138 346 2222 qui
361 2142 409 2203 est
424 2137 646 2224 quadraginta,
665 2143 842 2223 computas,
861 2143 996 2222 constat,
1016 2139 1042 2203 si
1056 2138 1108 2215 lit-

92 2248 235 2308 terarum
257 2245 290 2309 in
311 2245 447 2330 singulis
465 2245 612 2310 versibus
630 2267 799 2310 numerum
818 2246 961 2330 respicio,
984 2245 1039 2328 qui
1059 2249 1108 2309 est

94 2349 323 2435 duodeviginti.
361 2348 441 2414 Erat
463 2351 543 2415 hacc
566 2351 670 2415 omnis
693 2373 847 2435 papyrus,
870 2350 955 2434 quod
979 2351 1108 2433 quidem

94 2478 133 2519 ex
162 2456 319 2540 exemplis
341 2455 568 2540 Neapolitanis
591 2456 742 2543 conicias,
766 2479 832 2521 non
856 2456 924 2520 sine
948 2456 1108 2541 elegantia
1173 2537 1176 2540 Α

94 2562 231 2645 quadam
255 2567 287 2626 et
311 2562 484 2649 diligenter
506 2563 696 2647 conscripta.
742 2561 780 2627 In
804 2565 846 2628 32
870 2560 1030 2626 continuis
1054 2585 1107 2645 pa-

94 2668 179 2753 ginis
203 2691 331 2752 semper
353 2667 482 2734 initium
505 2674 538 2733 01
560 2670 635 2734 finis
659 2670 783 2754 desunt,
806 2668 911 2732 media
933 2667 1011 2731 folia
1030 2668 1108 2732 satis

93 2775 193 2838 vastis
216 2775 339 2839 lacunis
362 2774 466 2840 lacera
489 2780 572 2840 sunt.
609 2774 710 2860 Angli
733 2775 962 2857 huncquoque
981 2777 1107 2857 partem

94 2880 347 2968 descripserunt,
374 2883 458 2947 unde
480 2882 514 2949 N
535 2905 602 2947 non
625 2881 736 2966 paucis
759 2880 839 2945 locis
861 2878 913 2943 vel
935 2879 1109 2965 corrigitur

93 2987 145 3051 vel
168 2989 358 3072 completur.

159 3093 288 3179 Papyro
310 3095 396 3161 1015
420 3127 461 3149 =
480 3093 525 3160 V2
543 3095 565 3159 f.
581 3095 734 3161 77-152
758 3093 786 3158 15
808 3092 892 3158 111001
915 3092 1108 3176 continetur,

93 3222 190 3283 quem
208 3207 300 3267 sexto
314 3202 385 3267 loco
400 3202 503 3286 posui.
526 3200 664 3267 Videtur
678 3199 903 3287 neglegentius
917 3197 1109 3280 conscripta,

94 3306 120 3370 si
149 3307 331 3372 litterarum
362 3308 500 3373 formam
529 3308 671 3392 respicis.
721 3307 892 3372 Praeterea
923 3302 1109 3386 exemplum

92 3411 345 3497 Neapolitanum
364 3415 443 3480 satis
457 3415 646 3480 mendosum
661 3418 717 3499 est,
737 3417 881 3498 praestat
894 3410 1108 3497 apographon

93 3518 288 3604 Oxoniense,
312 3521 397 3604 quod
421 3525 453 3585 et
476 3521 654 3587 accuratius
678 3525 711 3585 01
734 3519 866 3584 uberius
890 3523 946 3583 est.
