2356 3884
290 159 555 214 -ffiv-

28 313 59 375 b.
84 321 151 376 τῶν
170 305 262 395 ’ὑπὲρ
289 319 349 374 τοῦ
377 307 497 395 ιε’χνην
524 309 630 393 αὐτὴν
657 304 743 375 εἶναι
765 331 930 398 προφερο-

82 415 193 500 μένου
215 413 262 503 (p.
282 416 334 501 29,
355 417 496 502 14—46,
517 413 582 503 16).

2 576 7 587 .
32 525 115 610 πρὸς
135 519 381 608 Ἐπικουρείους

34 652 60 693 a.
84 630 162 705 τοὺς
184 626 344 713 λέγοντας
366 631 427 713 τὴν
452 628 669 716 ῥητορικὴν
691 640 751 697 τοῦ
770 628 831 717 μὲν
849 633 928 717 γρά-

80 759 158 820 φειν
186 738 307 820 λόγους
333 733 390 800 καὶ
418 733 590 813 ἐπιδείξεις
616 744 787 803 ποιεῖσθαι
809 737 929 825 τέχνην

83 836 179 926 εἶναι,
203 851 263 908 τοῦ
287 839 324 908 δὲ
347 843 441 919 δίκας
463 840 572 924 λέγειν
591 840 647 907 καὶ
665 845 867 966 δημηγορεῖν
887 845 928 908 οὐ

83 945 258 1034 τέχνηνμ.
276 948 330 1033 47,
351 949 471 1030 17sqq

26 1054 58 1118 b.
81 1056 164 1141 πρὸς
190 1057 269 1131 τοὺς
295 1051 452 1137 λέγοντας
479 1053 584 1138 αὐτην
611 1052 742 1140 τέχνην,
768 1055 929 1141 προσδεο-

81 1157 185 1245 μένην
208 1156 246 1225 δδ
269 1161 401 1245 φύσεως
420 1158 476 1224 unt
494 1163 609 1247 τριβῆς
627 1159 688 1225 οὐκ
707 1161 755 1236 εἰς
772 1160 834 1242 τὴν
853 1157 928 1225 ἑαυ-

81 1275 138 1351 τῆς
161 1265 329 1350 ἀνάληψιν
352 1263 423 1332 ἀλλ’
446 1267 495 1344 εἰς
516 1266 577 1351 την
601 1265 773 1352 ἐπιτυχίαν
796 1276 856 1331 τοῦ
878 1264 928 1330 πέ-

80 1378 161 1450 λους
183 1380 219 1456 p.
234 1375 293 1457 49,
313 1374 355 1438 14
365 1393 433 1456 sqq.

32 1502 57 1544 ο.
80 1481 164 1567 πρὸς
190 1483 269 1557 τοὺς
291 1477 581 1564 ἀποφαινομένους
604 1480 666 1545 οὐκ
688 1473 774 1544 εἶναι
798 1477 929 1566 τέχνην,

82 1592 115 1652 ελ
140 1609 189 1663 τις
221 1589 401 1671 προείληφε
432 1583 552 1671 τέχνην
584 1587 645 1669 τὴν
675 1588 711 1651 τὸ
744 1588 928 1670 μεθοδικὸν

83 1695 225 1780 ἔχουσαν
252 1690 308 1757 καὶ
333 1689 469 1776 ἑστηκὸς
490 1692 694 1778 παράδοσιν,
721 1692 753 1756 εἰ
774 1688 811 1756 δὲ
833 1697 930 1756 καλεῖ

82 1798 137 1866 καὶ
164 1801 224 1883 την
253 1800 413 1886 ὁλοσχερῆ
436 1802 666 1886 παρατήρησιν
689 1799 750 1881 τὴν
773 1800 927 1883 στοχαζο-

82 1905 186 1991 μένην
214 1914 274 1971 τοῦ
302 1906 346 1983 ὡς
373 1903 427 1970 ἐπὶ
453 1908 491 1971 τὸ
520 1908 605 1970 πολὺ
628 1903 788 1970 καὶκατὰ
811 1905 848 1969 τὸ
872 1893 927 1969 εὕ-

82 2016 195 2095 λογον,
218 2010 338 2097 τέχνην
361 2006 446 2077 εἶναι
469 2034 501 2095 p.
520 2012 573 2095 53,
592 2011 691 2095 5sqq.

31 2119 59 2183 d.
83 2121 166 2206 πρὸς
197 2121 275 2196 τοὺς
307 2121 412 2204 μόνον
445 2117 655 2203 ἀντιφώνους
689 2123 818 2204 σχολῶν
850 2119 929 2192 τοὺς

82 2226 397 2311 ὑπομνηματισμοὺς
430 2222 716 2310 ἀναχρολψανπαςῙ)
749 2247 780 2307 p.
804 2224 861 2307 57,
885 2224 928 2288 23

85 2332 250 2412 -60,11.

34 2457 59 2498 e.
83 2436 165 2518 πρὸς
180 2438 329 2519 Βρόμιον
349 2440 460 2499 contra
479 2436 613 2519 Epicuri
633 2435 825 2501 sententiam
845 2439 929 2498 stan-

83 2544 150 2603 tem
173 2563 205 2623 p.
225 2541 277 2623 64,
299 2543 438 2626 11-68,
459 2545 486 2606 1.

192 2670 235 2736 Π.
269 2676 499 2759 Φιλοδήμου
523 2675 651 2761 δόξαι,

20 2791 174 2871 quattuor
197 2785 360 2871 capitibus
383 2787 599 2855 illustrantur:

1 2943 6 2955 .
31 2891 128 2978 τέχνη
149 2895 185 2958 τί
201 2892 329 2977 λέγεται
347 2897 429 2960 κατὰ
447 2898 509 2980 τὴν
525 2899 721 2980 συνήθειαν,
739 2895 930 2979 ὑπομνῆσαι

33 2998 180 3086 βραχείας
208 2999 263 3084 (οὐ
290 3002 353 3086 χδιρ
382 3004 465 3088 ἄλλη
492 3004 532 3067 τὰ
554 3000 694 3088 ἡμέτερα
718 3003 786 3066 ἔστι
810 3001 928 3084 δεῖξαι)

30 3129 61 3189 p.
82 3107 215 3190 68,1-
221 3110 272 3192 77,
291 3108 342 3174 26

1 3245 197 3316 )Additurp.
213 3251 255 3314 60,
276 3252 344 3300 11-
351 3252 393 3317 64,
415 3252 448 3302 10
468 3246 502 3301 de
521 3246 640 3316 politica
658 3243 823 3315 disputatio,
843 3258 928 3310 quam

10 3330 69 3386 fere
83 3333 237 3403 Epicureus
252 3336 341 3388 artem
356 3350 417 3388 οεεο
433 3337 549 3403 statuat,
569 3336 599 3388 et
613 3334 647 3389 de
662 3331 840 3402 quibusdam,
856 3346 928 3398 quae

3 3419 111 3476 artibus
130 3421 315 3491 intercedant,
336 3421 509 3493 differentiis,
529 3423 564 3478 de
579 3422 681 3490 quibus
695 3435 844 3491 perperam
857 3435 927 3473 non·

4 3507 170 3565 'udicarunt
