2356 3884
485 181 526 187 --
572 152 676 207 XXXV
723 182 764 189 -

109 299 207 365 adrat
234 310 408 365 ποιοῦνται
415 349 425 384 ,
451 298 506 365 καὶ
533 301 590 378 τὰς
612 312 679 366 τῶν
702 305 812 386 λόγων
836 304 1020 391 διαθέσεις,
1049 310 1131 374 οἴων

108 402 207 471 αὐτοὶ
225 404 414 489 γράφουσίν
428 428 462 470 ιε
480 403 535 470 καὶ
555 407 792 491 σχεδιάζονσιν.
825 408 1025 495 Quamquam
1044 414 1130 478 enirn

108 534 177 576 non
204 510 344 575 multum
371 511 471 574 habet
498 509 688 598 methodil),
721 518 830 578 tamen
858 538 895 579 aa
922 538 988 580 non
1015 521 1131 584 orbata

109 623 170 682 est.
207 615 318 681 Habet
341 615 428 680 6111111
452 616 669 702 ἐκιτεύγμαια
692 641 749 683 sua
771 618 861 706 (124,
881 619 926 708 7),
949 627 1130 702 καθολικδις

109 725 312 809 παραδόσεις
321 720 417 810 (126)
428 721 517 787 velut
532 723 570 787 de
580 725 828 810 prooemiorum,
837 728 1059 794 narrationum
1069 735 1129 796 616.

110 829 249 914 ratione,
281 829 378 893 κοινά
409 852 484 894 τινα
515 826 571 894 καὶ
599 840 743 915 στοιχεῖα
771 830 824 897 ἐπὶ
852 835 891 898 τὰ
918 837 1000 900 κατὰ
1029 835 1129 924 μέρος

15 948 20 954 ’
110 937 268 1019 διήκοντα
295 934 390 1023 (127,
419 933 586 1021 128,1)2)
615 958 759 1021 quaeque
787 943 954 1021 praeterea
982 947 1057 1006 sunt
1086 967 1126 1008 ex

108 1039 291 1105 Philodami
323 1041 484 1105 sententia
516 1041 608 1127 signa
636 1042 723 1107 artis.
768 1041 882 1129 Itaque
911 1047 966 1130 qui
995 1048 1127 1135 ingenio

109 1147 197 1211 felici
224 1150 257 1211 et
285 1147 367 1211 bene
395 1151 576 1230 temperato
604 1148 718 1214 enixus
745 1150 968 1237 technologias
996 1155 1128 1237 penitus

108 1253 292 1340 perceperit
315 1253 466 1318 adiuncta
489 1253 719 1317 exercitatione
742 1254 789 1339 id,
813 1256 898 1340 quod
921 1261 1127 1343 propositum

109 1363 168 1443 est,
186 1381 252 1423 non
269 1359 376 1423 minus
396 1381 493 1443 quam
511 1359 546 1424 in
565 1359 637 1423 aliis
652 1360 777 1425 artibus
793 1368 1008 1448 consequetur
1021 1365 1126 1454 (129).

106 1465 284 1549 Perpcram
308 1488 383 1530 vero
408 1487 478 1530 eam
501 1470 604 1530 artam
627 1489 696 1532 esse
720 1468 925 1533 contionandi
951 1492 1126 1556 causasque

109 1571 235 1636 dicendi
269 1572 473 1636 contenditur
504 1570 607 1659 (132).
657 1573 808 1658 Quaeque
836 1576 871 1639 in
899 1577 1018 1642 scholis
1046 1577 1127 1643 cius-

107 1678 196 1742 modi
220 1678 381 1743 orationes
403 1679 579 1763 habentur,
602 1702 702 1744 vanae
725 1680 924 1746 imitationes
947 1688 1032 1766 sunt,
1056 1685 1123 1769 qui-

108 1785 171 1848 bus
195 1806 272 1849 usus
295 1789 328 1849 et
351 1785 469 1869 peritia
487 1785 559 1868 fori,
581 1785 701 1870 iudicii,
723 1786 925 1873 legationum
943 1788 1125 1856 adfectatur

106 1889 212 1975 magis
236 1912 332 1974 quam
355 1891 536 1975 percipitur
558 1896 614 1956 aut
638 1892 784 1957 traditur.
821 1892 934 1979 Itaque
953 1895 1122 1962 abicienda

106 1997 179 2061 ista.
224 1996 338 2081 Neque
371 1997 457 2062 enim
485 1997 513 2062 si
541 2020 592 2062 ars
620 2003 682 2084 est,
715 1999 787 2063 ideo
815 2022 867 2064 ars
895 2005 944 2065 est
971 2002 1124 2085 politicae

108 2102 215 2186 (134).

175 2208 331 2285 Quartum
355 2213 423 2274 crat
447 2212 545 2292 caput
568 2206 644 2294 περὶ
664 2218 724 2275 τοῦ
742 2211 804 2292 τὴν
823 2209 1067 2294 εὐδοκιμοῦσαν
1085 2212 1124 2281 ἐν

106 2317 226 2399 δήμοις
247 2314 303 2380 καὶ
326 2318 549 2402 δικαστηρίοις
572 2316 717 2400 δύναμιν
740 2315 801 2401 οὐχ
824 2314 881 2381 ὑπ’
907 2317 1009 2402 ἄλλος
1031 2341 1123 2407 περι-

105 2425 261 2504 γίνεσθαι
284 2433 352 2498 τοῖς
375 2422 466 2498 ὅλοις
483 2421 662 2507 ἐπιστήμης
682 2424 755 2508 136,
769 2424 933 2508 20-137,
948 2428 999 2491 27.
1016 2425 1123 2502 ⁴Quod

106 2527 187 2591 satis
219 2527 359 2611 simplici
392 2527 637 2593 ratiocinatione
671 2528 909 2594 demonstratur
936 2530 995 2595 sic:
1026 2554 1122 2596 nemo

104 2636 236 2716 praeter
265 2634 475 2699 scholasticos
504 2634 588 2698 hane
615 2638 718 2699 artem
745 2635 930 2718 profitetur:
962 2637 1053 2720 atqui
1081 2638 1122 2700 ad

104 2738 274 2823 politicam
288 2740 477 2805 facultatem
490 2741 721 2824 assequendam
735 2740 818 2804 mhil
831 2740 981 2806 videntur
995 2742 1121 2806 afferre:

102 2844 215 2927 itaque
234 2846 289 2929 qui
309 2867 379 2910 eam
397 2847 548 2932 habeant,
566 2846 626 2910 hos
645 2868 708 2931 quo
727 2847 822 2911 modo
842 2869 967 2932 cunque
986 2850 1122 2933 adeptos

104 2972 177 3014 eam
200 2951 268 3016 sine
293 2952 439 3017 doctrina
460 2952 603 3017 nancisci
627 2951 766 3016 efficitur
789 2951 835 3040 (p.
857 2952 944 3041 137).

177 3233 203 3299 1)
222 3233 254 3286 ut
272 3229 386 3300 poetica
405 3233 433 3286 61
450 3232 567 3288 musica.

178 3321 205 3389 2)
224 3319 300 3388 quod
318 3318 451 3375 Isocratis
471 3321 598 3393 exemplo
618 3320 805 3376 demonstrari
822 3319 941 3375 videtur.

869 3585 903 3639 ὓ*
