2356 3884
491 157 654 211 -XLII
701 186 742 194 -

171 309 257 375 Nam
284 308 472 393 philosophi
500 307 551 371 vel
574 307 712 372 maxime
736 308 852 373 remoti
876 331 894 371 a
917 309 1035 374 forensi
1060 310 1120 375 sol-

97 403 271 478 licitudine
300 414 394 477 beate
422 413 528 477 vivere
557 418 706 500 possunt,
739 415 814 500 quia
842 437 914 480 cum
941 415 1021 498 0110,
1048 415 1120 499 fide,

102 512 232 585 iustitia
255 521 381 605 vivunt,
406 541 442 584 ac
465 519 493 584 si
517 542 597 604 quos
620 521 743 586 habent
766 521 925 605 inimicos,
949 544 1004 587 eos
1026 522 1121 585 bene-

102 625 187 693 ficiis
221 632 253 693 et
286 626 437 691 comitate
466 626 585 693 amicos
613 628 736 692 faciunt
764 627 819 714 (B,
843 631 895 711 27,
914 631 970 713 283
1002 626 1045 713 A,
1066 615 1138 711 123x

103 731 141 817 B,
156 733 222 821 20).
256 733 338 798 Sunt
357 733 443 797 enim
461 733 625 798 utilissimi
645 734 792 799 societati
811 736 978 819 humanae,
998 734 1120 818 quippe

106 840 162 923 qui
199 839 309 925 legum
342 839 567 904 auctoritatem
600 841 789 905 confirment
823 845 855 905 et
888 840 1120 921 commendent,

104 946 217 1010 multis
241 945 393 1030 privatim
417 967 549 1030 operam
571 950 690 1010 navent
714 945 771 1033 (Α,
793 945 842 1033 4),
870 945 963 1010 utilia
987 966 1023 1009 ac
1047 945 1119 1010 sim-

105 1052 203 1138 plicia
231 1052 432 1136 praecipiant
460 1057 493 1116 ct
521 1051 655 1116 doceant
683 1051 734 1140 (Β,
755 1056 787 1118 7:
820 1052 858 1116 cf.
878 1052 916 1116 fr.
936 1054 956 1117 2
980 1075 1011 1136 p.
1031 1049 1119 1137 226).

104 1159 190 1236 Quin
209 1159 306 1223 etiam
324 1158 434 1245 legum
452 1158 571 1223 latores
590 1158 720 1224 fuerunt
739 1159 908 1247 Lycurgus
927 1163 959 1223 et
973 1158 1120 1223 Pittacus

104 1265 315 1330 Demostheni
341 1265 437 1351 longe
461 1265 661 1350 praeferendi
684 1265 735 1352 (Β,
760 1264 825 1354 14).
866 1265 986 1330 Mirum
1009 1264 1120 1350 igitur,

104 1373 132 1436 si
156 1370 315 1436 Critolaus
339 1372 552 1456 philosophos
576 1395 594 1435 a
617 1372 781 1439 condenda
803 1395 838 1437 re
861 1371 993 1456 publica
1016 1392 1119 1456 segre-

104 1478 227 1564 gandos
251 1482 359 1542 censet
382 1477 433 1564 (B,
454 1474 519 1564 13).

172 1584 255 1660 Quid
278 1584 364 1648 enim
387 1583 513 1648 felicius
536 1583 673 1670 cogitari
692 1586 802 1667 potest
820 1583 879 1647 tali
899 1583 1038 1666 civitate,
1062 1584 1119 1647 ubi

104 1689 374 1774 philosophorum
398 1694 571 1774 praecepta
593 1689 730 1774 valeant,
754 1689 812 1753 ubi
833 1689 970 1754 11011011
990 1688 1119 1773 quidem

103 1796 328 1860 communibus
339 1796 516 1861 communis
528 1795 575 1860 rei
586 1795 735 1880 publicae
750 1795 926 1861 commodis
936 1795 1116 1880 priventur!

107 1901 198 1988 (pap.
210 1903 305 1986 1669,
318 1902 376 1966 ccl.
386 1900 455 1989 IV).
478 1901 597 1966 Contra
612 1924 707 1986 quam
721 1901 838 1967 misera
852 1924 962 1967 eorum
976 1902 1120 1968 condicio

103 2031 172 2072 esse
201 2007 295 2093 solet,
324 2008 379 2092 qui
408 2009 447 2072 ad
474 2030 542 2072 rem
570 2007 736 2092 publicam
764 2009 950 2073 accedentes
975 2009 1016 2072 ab
1041 2008 1120 2093 ipsis

104 2115 242 2200 civibus,
275 2115 394 2199 quibus
425 2114 490 2179 cari
518 2137 585 2179 esse
614 2115 789 2198 debebant,
821 2114 936 2179 misere
964 2136 1119 2198 persaepe

104 2226 285 2286 mactentur
312 2220 502 2310 (lv-VH).
548 2222 674 2298 Quanto
699 2221 835 2306 denique
859 2220 984 2285 felicius
1007 2220 1119 2285 11111111

104 2328 291 2412 philosophi
328 2328 360 2391 in
399 2327 544 2410 qualibet
582 2328 724 2411 01111110,
762 2328 816 2411 qui
854 2350 922 2392 rem
954 2327 1119 2410 publicam

104 2435 234 2499 omnino
257 2457 323 2499 11011
347 2433 573 2518 capessendam
596 2433 738 2497 iudicent
761 2432 875 2521 (VIII)

171 2541 251 2605 Mire
266 2541 330 2606 sibi
344 2541 490 2606 rhetores
503 2539 667 2605 vindicant
681 2543 718 2606 τὸ
732 2543 929 2623 πελαγίζειν,
948 2540 967 2603 i.
979 2562 1003 2602 e.
1019 2540 1118 2604 abun-

104 2647 213 2711 dantia
251 2648 388 2731 quadam
422 2647 578 2712 sermonis
609 2652 775 2732 tamquam
807 2647 842 2711 in
873 2646 939 2710 alto
972 2646 1049 2711 ferri
1082 2670 1118 2710 ac

104 2755 272 2837 fluctuare,
301 2755 392 2838 quasi
420 2754 527 2818 brevis
551 2758 582 2818 et
606 2737 759 2819 adstricta
782 2753 884 2819 oratic
909 2753 1039 2818 omnino
1063 2752 1119 2816 im-

104 2859 271 2943 probanda
294 2860 345 2924 vel
368 2860 587 2947 interrogandi
610 2860 887 2945 respondendique
911 2859 1051 2923 ratio-
1074 2859 1120 2923 in-

103 2970 237 3030 ventum
268 2967 538 3050 philosophorum
571 2968 675 3054 magis
708 2990 803 3052 quam
835 2967 1002 3032 rhetorum
1034 3005 1070 3013 —-
1101 2989 1119 3028 a

103 3073 263 3138 rhetorica
287 3072 417 3137 omnino
441 3073 637 3160 seiungenda
660 3074 703 3138 sit
726 3072 916 3161 (ΙΧ-ΧΠ).

172 3180 252 3244 (lum
285 3179 483 3244 adversarius
515 3181 740 3264 philosophiae
773 3179 915 3245 studium
946 3202 1018 3244 cum
1045 3200 1118 3264 geo-

104 3287 219 3350 metria
256 3309 457 3371 comparasse
494 3285 655 3371 videatur,
697 3308 793 3370 quam
830 3291 923 3351 vocat
960 3285 1118 3369 inutilem,

103 3392 311 3459 Philodemus
339 3393 517 3459 rhetoricae
545 3392 655 3476 potius
679 3414 751 3457 cum
774 3393 830 3457 illa
853 3393 1050 3457 intercedere
1074 3392 1118 3455 af-

102 3498 262 3562 finitatem
300 3505 332 3564 et
369 3499 613 3565 similitudinem
645 3499 763 3564 evincit
796 3497 1041 3586 (XlH—XIV).
1077 3537 1118 3544 -
