2356 3884
500 199 543 207 -
590 172 758 225 XXII—

120 323 276 388 fitendum
300 321 351 405 sit,
374 325 409 384 at
429 342 487 384 nec
506 320 621 385 melius
639 343 698 385 nec
718 343 790 386 cum
809 325 900 386 tanta
919 321 1045 386 artificii
1065 347 1138 407 pro-

120 429 259 511 prietate
282 450 341 492 nec
365 431 432 491 tam
455 427 566 492 stricte
591 449 688 512 quam
711 428 828 492 artifex
852 427 1069 512 persuadebit.

187 535 287 601 Porro
311 538 584 620 argumentorum,
609 556 689 618 quae
713 534 761 598 illi
785 536 964 620 proferunt,
987 534 1049 599 alia
1072 557 1138 600 non

121 641 275 706 concinna
309 645 398 725 sunt,
431 640 494 705 alia
525 663 566 704 ne
599 641 723 706 diversa
751 640 881 724 quidem
909 643 995 707 inter
1021 664 1054 706 se
1083 641 1138 706 sed

120 746 259 810 iactandi
278 746 384 833 gratia
402 745 613 812 multifariam
632 750 757 812 mutata
778 751 810 811 et
828 747 959 812 variata.
991 748 1041 813 Eo
1061 771 1137 833 quo-

121 874 182 936 que
206 853 286 918 vitio
310 852 407 918 nimis
431 853 561 918 illorum
584 853 661 918 libri
684 853 849 936 laborant,
873 853 959 937 quod
983 875 1033 937 ea,
1057 875 1138 936 quae

120 981 179 1042 per
207 982 240 1023 se
269 959 341 1043 ipsa
369 963 496 1043 patent,
525 960 746 1024 demonstrant
768 981 828 1024 nec
851 959 917 1024 ullo
943 958 1053 1024 ordine
1078 960 1138 1024 dis-

122 1065 230 1148 posita
249 1070 438 1149 proponunt
457 1063 545 1152 (IV):
569 1088 650 1149 quae
670 1065 800 1150 quidem
818 1065 858 1129 ad
877 1066 1035 1151 plurimos
1055 1088 1137 1131 com·

120 1170 295 1236 montarios
319 1171 460 1257 pertinet
483 1171 688 1257 vituperatio.
696 1172 721 1259 1)
766 1171 866 1238 Velut
889 1196 948 1258 per
972 1196 1005 1238 se
1029 1173 1138 1257 ipsum

120 1281 212 1359 patet
235 1277 393 1362 facileque
416 1278 482 1342 illis
506 1279 698 1345 concedetur
720 1278 817 1345 certis
841 1280 1035 1364 quibusdam
1058 1278 1138 1341 locis

121 1406 157 1448 ac
184 1382 389 1467 temporibus
416 1388 519 1449 artem
545 1385 669 1449 nullam
692 1385 868 1467 exstitisse,
897 1385 924 1449 si
947 1384 1033 1467 apud
1057 1406 1138 1467 quos

120 1490 172 1553 vel
191 1490 310 1574 quibus
328 1489 531 1573 temporibus
545 1489 707 1554 scribendi
725 1494 827 1554 artem
841 1489 941 1554 fuisse
955 1490 1139 1575 negandum

121 1595 177 1680 sit,
210 1596 296 1679 apud
324 1617 379 1660 eos
406 1618 447 1660 ne
476 1600 561 1661 artes
589 1595 719 1680 quidem
745 1593 864 1659 litteris
892 1595 1059 1660 mandatas
1088 1596 1138 1659 de·

121 1706 317 1767 monstrasse
331 1702 535 1767 videbuntur.
561 1701 709 1786 Denique
723 1700 775 1766 vel
789 1722 900 1765 omnes
913 1700 966 1764 vel
980 1700 1138 1784 plurimae

124 1809 420 1893 argumentationes
448 1808 500 1873 vel
527 1807 685 1873 concessis
713 1806 900 1892 praemissis
928 1829 994 1871 non
1016 1807 1049 1870 id
1073 1807 1139 1871 effi-

122 1915 221 2000 ciunt,
241 1915 327 1999 quod
345 1915 378 2000 ii,
397 1915 453 1999 qui
472 1915 544 1980 illas
564 1917 824 1999 composuerunt,
842 1914 997 1979 volebant
1011 1914 1140 1978 demon-

122 2021 226 2086 strari.
264 2021 356 2098 Quod
380 2022 466 2087 enim
489 2021 604 2087 accidit
627 2022 661 2086 in
684 2022 815 2107 musica,
838 2026 875 2086 ut
894 2022 922 2087 si
941 2021 1046 2086 minus
1066 2020 1140 2085 scri·

122 2128 219 2192 bendi
242 2127 294 2192 vel
316 2128 445 2214 legendi
469 2150 520 2194 ars
543 2128 617 2192 inde
639 2132 799 2211 nascatur,
822 2131 856 2190 at
878 2127 1013 2191 aliarum
1031 2149 1138 2191 rerum

122 2234 256 2298 scientia
280 2257 348 2299 esse
373 2236 487 2320 possit,
510 2235 595 2299 idem
618 2257 679 2299 usu
701 2234 790 2298 venit
814 2233 848 2297 in
871 2233 1040 2317 rhetorica,
1063 2231 1139 2296 licet

121 2339 256 2424 politica
276 2343 308 2402 et
327 2360 405 2403 usus
423 2339 561 2403 forensis
580 2339 669 2402 illinc
686 2360 754 2401 non
773 2337 932 2401 efficiatur
947 2335 1014 2424 (V).
1038 2337 1139 2401 Recte

124 2449 233 2509 autem
260 2443 394 2527 iudicat,
423 2443 478 2527 qui
502 2441 669 2527 politicam
691 2463 758 2505 non
781 2464 821 2505 ex
845 2441 1022 2523 sophistica
1046 2464 1140 2524 quae-

123 2552 255 2617 rendam
281 2554 397 2615 oenset.
443 2548 512 2614 Iam
534 2553 571 2614 ut
596 2547 761 2612 dialectica
784 2569 835 2612 ars
860 2551 921 2631 est,
949 2568 1007 2611 nec
1030 2551 1140 2612 tamen

124 2660 299 2744 quidquam
327 2680 386 2742 per
415 2680 448 2722 se
472 2657 544 2742 ipsa
566 2655 706 2740 perficit,
734 2654 797 2720 nisi
820 2653 848 2719 si
872 2676 945 2718 cum
968 2653 1083 2718 ethicis
1107 2658 1140 2719 et

123 2764 268 2848 physicis
297 2763 541 2848 quaestionibus
569 2762 739 2828 coniuncta
768 2760 974 2845 exhibeatur,
1001 2760 1047 2825 ita
1071 2760 1140 2824 rhe-

123 2870 225 2934 torica
248 2868 304 2932 illa
328 2869 457 2954 quidem
481 2893 532 2935 ars
552 2874 609 2953 est,
633 2868 689 2934 sed
706 2868 770 2933 nisi
790 2891 863 2934 eum
881 2868 978 2933 rebus
998 2867 1141 2952 politicis

124 2997 244 3042 conexa
273 2998 408 3059 operum
437 2977 547 3060 opifex
575 2975 713 3042 existere
740 2998 806 3040 non
832 2979 951 3059 potest.
997 2973 1141 3039 Plurima

124 3084 209 3148 enim
233 3086 423 3169 argumenta
447 3081 646 3146 extrinsecus
669 3081 773 3167 petita
798 3102 866 3145 esse
890 3083 1034 3164 apparet.

191 3190 273 3256 Sunt
296 3191 432 3255 fortasse
457 3188 519 3251 alia
543 3188 641 3252 etiam
663 3187 817 3253 vitiorum
840 3207 972 3272 genera,
996 3204 1076 3268 quae
1101 3182 1141 3244 ad

124 3296 197 3361 illos
228 3297 331 3362 libros
364 3295 560 3381 pertineant:
595 3316 654 3359 neo
686 3298 794 3358 tamen
822 3292 862 3356 ad
890 3311 1031 3375 unguem
1059 3310 1140 3352 rese·

123 3440 336 3451 ’Ἥ

197 3527 222 3593 1)
242 3542 269 3594 p.
285 3531 309 3597 8,
330 3531 363 3580 38
383 3523 479 3596 colon,
499 3527 523 3594 8,
542 3530 558 3579 3
577 3525 713 3592 punctum
731 3519 892 3592 ponendum
910 3519 961 3574 est.
