2356 3884
477 183 763 237 —XLVHI-

113 332 313 417 persuadere,
337 332 420 396 sicut
443 332 613 417 spondent,
637 332 787 397 omnibus
807 337 951 418 possunt.
988 334 1035 400 Ut
1052 358 1127 400 vero

112 439 216 502 sciant
239 437 346 522 plebis
369 438 582 522 voluntatem,
605 439 797 522 persuadere
820 444 928 504 tamen
951 462 1016 506 non
1038 446 1129 524 pote-

113 548 197 629 runt,
222 545 296 628 quia
318 545 401 608 nihil
424 545 660 610 inconstantius
683 550 732 610 est
756 546 863 630 plebis
885 547 1004 612 iudicio
1023 546 1129 634 (XXII

116 647 286 737 —XXllI).
311 690 353 699 —
377 650 436 737 At,
464 652 583 736 inquit,
607 675 626 716 a
649 651 810 717 communi
834 654 971 737 quadarn
994 654 1072 719 iusti
1096 658 1129 718 ct

113 757 204 822 utilis
226 757 344 821 notitia
367 758 472 842 adid,
499 758 584 842 quod
607 759 641 821 in
665 779 791 842 quaque
814 781 848 822 re
872 760 1032 845 expediat,
1056 784 1128 844 pro-

113 865 216 951 gressi
248 865 376 950 singula
408 887 553 949 quaeque
585 865 625 928 ad
654 864 745 929 illam
772 865 955 950 generalem
980 888 1128 930 normam

113 971 323 1054 adaptabunt.
375 970 437 1036 Sed
470 971 597 1057 singula
629 970 733 1057 magis
764 970 814 1036 111
840 975 994 1055 expertus
1021 975 1054 1034 et
1081 973 1127 1035 rei

113 1076 263 1160 publicae
287 1077 411 1160 peritus
434 1081 654 1161 persequetur.
686 1076 718 1143 Is
741 1077 886 1162 placebit
905 1083 963 1142 etc.
983 1075 1127 1165 (XXIV)

179 1184 356 1268 Postquam
384 1185 486 1271 igitur
513 1208 571 1269 per
597 1207 630 1250 se
653 1185 759 1270 ipsam
782 1184 1022 1271 physiologiam
1046 1184 1128 1268 opti-

113 1311 202 1353 mum
225 1295 385 1355 oratorem
407 1314 474 1357 non
497 1293 623 1357 efficere
647 1291 901 1357 demonstratum
925 1296 983 1376 est,
1007 1291 1128 1375 quaeri-

112 1401 175 1481 tur,
198 1417 276 1460 num
299 1403 465 1482 assumpto
490 1420 550 1464 usu
573 1399 707 1484 forensi,
732 1402 902 1483 perspecta
925 1397 1032 1480 plebis
1056 1419 1128 1461 con·

113 1503 283 1566 suetudine
320 1507 378 1567 etc.
416 1526 490 1568 eum
526 1508 764 1572 conformatura
801 1504 844 1569 sit
875 1502 1004 1591 (XXV).
1060 1503 1128 1579 Qua

113 1608 243 1692 quidem
270 1609 304 1672 in
332 1609 519 1692 quaestione
547 1611 752 1697 probandum
780 1614 848 1674 erat
876 1631 970 1674 usum
997 1609 1128 1673 111111-

114 1715 271 1779 duitatem
299 1714 468 1804 (μελέτην)
497 1741 555 1802 per
583 1741 616 1784 se
644 1717 801 1782 iasine
829 1715 1035 1801 physiologia
1062 1737 1128 1778 non

113 1843 208 1904 posse
231 1821 383 1904 politicos
407 1828 552 1889 oratores
575 1825 700 1889 efficere
720 1820 863 1910 (XXVI).
901 1821 963 1887 Sed
982 1821 1009 1885 si
1029 1842 1128 1905 quon-

114 1928 187 1991 dam
210 1927 337 2011 physici
361 1928 440 1993 boni
465 1936 607 1996 oratores
630 1931 774 2015 fuerunt,
801 1952 867 1995 non
890 1933 1026 2014 propter
1048 1927 1128 2011 phy-

114 2033 285 2121 siologiam
305 2034 445 2122 fuerunt,
469 2038 524 2102 scd
542 2037 670 2103 aliunde
687 2037 770 2103 hanc
789 2042 892 2102 artem
911 2036 1129 2119 arripuerunt,

113 2141 164 2205 sin
187 2146 363 2225 apparatus
386 2145 519 2209 oratorii
543 2145 608 2209 sint
631 2144 739 2229 periti,
762 2149 795 2208 at
816 2149 935 2208 temere
960 2146 993 2206 et
1010 2141 1128 2224 impor-

114 2251 191 2310 tune
215 2269 252 2310 1ο
276 2253 410 2312 utentur
424 2249 470 2334 (i)
486 2287 530 2297 -
543 2251 665 2315 XXVII
685 2302 735 2316 ...
758 2273 817 2314 nec
836 2250 998 2334 physicus,
1023 2247 1129 2330 quoad

114 2351 269 2435 physicus
297 2355 359 2434 est,
386 2352 420 2415 id
448 2354 534 2434 quod
561 2356 731 2437 proprium
754 2360 803 2418 est
826 2354 952 2436 politici
975 2352 1128 2435 possidet,

113 2457 189 2541 quia
222 2460 308 2520 caret
340 2456 484 2520 oratione
513 2460 545 2520 et
572 2459 691 2541 peritia
718 2458 846 2521 forensi.
898 2456 1017 2533 Quodsi
1045 2477 1127 2518 com-

113 2564 203 2629 muni
223 2562 368 2628 omnium
387 2562 592 2643 [elocutionis
611 2567 644 2626 et
658 2562 982 2648 argumentationis?]
1002 2561 1127 2625 ratione

115 2671 229 2735 enixus
256 2671 295 2734 de
320 2670 417 2734 rebus
441 2668 578 2732 utilibus
602 2673 635 2732 et
657 2667 887 2752 probabilibus
910 2667 1032 2751 aliquid
1055 2691 1127 2751 pro-

114 2778 245 2840 fiteatur
272 2776 313 2859 is,
341 2775 396 2860 qui
423 2796 482 2839 nec
506 2774 685 2839 animorum
708 2779 816 2839 motus
838 2775 889 2838 vel
913 2776 1046 2838 affectus
1068 2798 1127 2839 nec

114 2906 165 2947 res
188 2904 247 2946 nec
269 2881 357 2967 volgi
377 2881 622 2946 consuetudines
640 2881 852 2966 perspexerit,
876 2884 1077 2967 [arroganter
1096 2886 1128 2945 et

114 3012 202 3054 more
230 2988 312 3074 agit]
346 2988 573 3072 sophistarum.
619 2987 732 3072 Itaque
764 2989 874 3053 inanes
906 2988 957 3052 vel
989 2989 1128 3052 maxime

114 3096 231 3160 horum
255 3095 416 3159 orationes
440 3099 516 3159 sunt
538 3094 864 3182 (XXVIII-XXIX).

105 3240 106 3243 =
181 3201 248 3265 Iam
278 3225 309 3285 p.
337 3200 443 3266 XXIX
469 3201 697 3285 Nausiphanes
724 3206 1004 3286 commemoratur,
1037 3201 1127 3265 cuius

115 3309 237 3372 dictum
260 3308 466 3374 notissimum
490 3314 551 3392 est,
575 3309 755 3393 sapientem
778 3310 890 3393 utique
914 3310 954 3372 ad
976 3331 1044 3372 rem
1067 3330 1126 3391 pu-

116 3416 235 3479 blicam
263 3437 470 3481 accessurum.
498 3454 535 3462 —
561 3416 683 3481 Verum
707 3417 734 3481 si
758 3417 986 3500 philosophus,
1014 3419 1051 3479 ut
1074 3438 1128 3498 pa-

115 3521 195 3585 triae
219 3525 270 3587 vel
293 3523 403 3588 amicis
426 3523 540 3609 prosit,
565 3545 604 3587 ex
628 3524 742 3588 umbra
761 3523 795 3587 in
813 3525 920 3588 forum
938 3544 1128 3608 progressus
