2356 3884
476 137 643 191 —XVII
689 164 732 173 —

89 283 377 365 πολειτεύσεται“;
401 281 446 349 δι’
469 284 487 350 ὃ
512 287 553 370 δη
578 287 735 372 ἄρχονται
757 297 889 371 μακρῶς
911 288 931 372 ἢ
950 291 1032 374 πρὸς
1052 292 1112 355 τὸν

89 394 339 478 Δημοκρίτειον
361 391 590 477 Ναυσιφάνην
614 392 843 478 διαμάχονται,
868 396 950 478 πρὸς
974 391 1011 460 δὲ
1034 398 1112 461 τού-

88 525 160 577 τοις
184 499 272 584 μάλα
293 507 417 574 πιστῶς
439 499 747 584 μειρακισκεόονται
765 497 878 564 τόνδ’
902 499 1012 566 αὑτῶν
1027 498 1110 568 Ἰδο-

91 603 195 690 μενέα
217 603 371 689 μαθητὴν
394 602 655 689 παρεισαγουσιν
678 602 714 669 ἐν
738 613 807 681 τοϊς
827 605 965 690 χαύνοις
974 603 998 692 ¹)
1023 608 1110 673 οὕτω

91 714 358 797 περιγινόμενον.
393 745 432 756 -
466 707 591 774 Ultima
622 711 721 774 verba
757 709 803 775 sie
834 710 915 775 mihi
946 712 1111 779 Usenerus

91 817 326 900 interpretatus
350 819 407 880 est.
452 813 511 882 Nil
533 815 660 900 mirum,
683 815 711 880 si
734 816 795 882 iste
818 817 904 883 inter
925 821 1032 885 fatuos
1054 821 1110 885 ho-

89 923 195 987 mines
219 922 266 987 sio
288 922 398 1006 potuit
417 921 580 987 excellere.
613 922 676 987 Hie
694 922 784 988 loeus
802 928 913 988 eontra
931 923 1109 1009 Epicurum

90 1028 296 1113 conscriptus
320 1033 378 1113 est,
401 1028 439 1092 de
459 1050 522 1112 quo
542 1051 606 1094 uno
626 1030 725 1094 verba
743 1033 802 1096 τόν
820 1028 855 1096 θ’
874 1030 983 1098 αὑτῶν
1002 1039 1110 1116 μαθη-

90 1137 154 1218 την
185 1134 334 1220 intellegi
367 1139 514 1219 possunt.
566 1134 774 1200 Idomeneum
806 1140 915 1201 autem
946 1136 1109 1220 Epiourus

88 1240 315 1324 disputantem
337 1240 507 1306 induxerat
531 1241 565 1306 in
584 1239 780 1330 Convivio²)‚
803 1241 830 1306 si
855 1242 984 1326 quidem
1002 1243 1109 1309 loeum

89 1347 210 1412 notitia
233 1346 459 1433 dignissimum
481 1351 568 1412 reete
587 1347 716 1413 restitui
735 1371 765 1432 p.
783 1350 856 1432 102,
874 1351 917 1415 22
927 1373 996 1432 sqq.
1021 1348 1110 1415 Ἐπί-

88 1477 215 1540 κουρος
236 1455 353 1520 τοίνυν
377 1453 512 1520 ἐκείνων
536 1453 648 1539 ἀμέλει
671 1465 728 1539 τῆς
751 1455 927 1543 ῥητορικῆς
950 1457 1030 1539 μίαν
1051 1457 1109 1522 δό-

89 1585 196 1644 ναμιν
224 1557 516 1644 ἐπαγγελλομένων
540 1562 601 1644 τὴν
625 1564 821 1646 σοφιστικὴν
844 1560 899 1627 καὶ
922 1563 983 1645 τὴν
1005 1584 1109 1647 πανη-

90 1667 236 1752 γυρικὴν
263 1664 319 1731 καί
345 1667 407 1750 την
434 1667 625 1749 πολειτικὴν
651 1680 742 1734 ποιεῖ
761 1671 819 1734 τὸν
838 1666 1006 1752 Ἰδομενέα
1029 1672 1110 1754 μετὰ

90 1776 130 1838 τὸ
149 1773 414 1859 ,παρρησιόσθω
433 1774 513 1858 μετὰ
534 1783 601 1839 τῶν
615 1773 890 1860 ἐγνωρισμένωνίι
911 1776 1109 1860 αἰτούμενον

92 1880 308 1963 συγγνώμην,
327 1880 362 1943 εί·
374 1877 450 1956 νέος
469 1880 517 1945 ῶν
529 1882 746 1965 θρασύνεται,
764 1879 819 1947 καὶ
835 1884 1075 1962 σννασπίζοντοί
1082 1881 1108 1968 ³)

90 2008 169 2050 τινα
193 1987 281 2068 ζητεῖ
299 1981 423 2050 τοιαῦτ’
441 1985 521 2050 ἅττα
540 1985 660 2069 λέγων·
686 1989 915 2070 ,,ῶαυμαστόν,
939 1990 969 2050 εί
987 1992 1028 2052 σὺ
1047 1986 1109 2071 μὲν

91 2087 201 2157 οὐδὲν
224 2089 374 2177 ἐξείργου
398 2092 453 2156 διὰ
476 2093 537 2175 τὴν
559 2092 703 2175 ἡλικίαν,
727 2092 780 2155 ὅτε
804 2090 903 2165 αὐτὸς
926 2090 968 2154 δν
988 2094 1110 2175 φησαις

91 2206 161 2262 τῶν
180 2197 263 2262 κατὰ
282 2198 421 2262 σεαυτὸν
441 2195 597 2263 ἁπάντων
613 2195 688 2273 νέος
705 2196 751 2261 ῶν
765 2199 960 2282 πρεσβυτῶν
974 2195 1109 2285 ἀνδρῶν

90 2299 151 2368 καὶ
170 2299 315 2381 ἐνδόξων
334 2306 419 2368 πολὺ
439 2303 476 2369 ἐν
489 2312 529 2388 τῇ
544 2303 701 2389 ῥητορικῇ
717 2303 857 2388 δυνάμει
871 2303 1108 2392 estepanum)

87 2409 139 2473 De
164 2408 333 2492 hocloco,
357 2431 452 2493 quem
475 2408 557 2474 falso
582 2409 813 2493 interpretatus
837 2416 885 2475 est
909 2410 1109 2476 adversarius

88 2520 123 2580 et
146 2514 233 2580 unde
247 2513 381 2600 Epicuri
401 2517 438 2580 de
458 2515 635 2600 sophistica
653 2517 813 2582 rhetorica
833 2518 1019 2602 opinionem
1038 2542 1108 2600 per-

87 2643 183 2687 verse
207 2621 331 2707 statuit,
354 2622 562 2687 Philodemus
586 2645 604 2686 a
627 2646 658 2707 p.
680 2625 864 2709 ros-119,
883 2626 924 2690 27
944 2625 1043 2688 verba
1062 2625 1109 2688 ita

85 2727 183 2809 faoit,
206 2731 243 2791 ut
266 2729 476 2813 grammatica
499 2734 531 2793 et
555 2729 661 2815 logica
683 2730 951 2815 interpretatione
975 2736 1007 2795 et
1030 2731 1108 2815 Epi-

163 2943 191 3008 1)
210 2938 334 2992 Verbum
351 2938 491 2994 incertum
509 2943 559 2996 est.
592 2940 660 3010 Pap.
679 2941 767 2996 habet
785 2941 868 2995 XAI‘.
881 2984 886 2996 .
901 2945 911 3012 ΙΙ
926 2987 931 2998 .
944 2947 987 2997 ΙΣ
999 2945 1106 3012 διατρι-

87 3029 199 3100 βικοῑςί
220 3057 252 3066 -·

163 3117 191 3184 2)
216 3112 369 3184 Epicurum
386 3116 428 3170 ibi
446 3116 561 3171 iuvenes
581 3116 728 3171 audientes
747 3116 891 3170 induxisse
911 3133 944 3170 ex
963 3115 1108 3169 Plutarchi

86 3205 202 3273 quaest.
222 3201 331 3258 convir.
346 3202 392 3274 111,
409 3211 433 3276 6,
450 3211 474 3275 1,
493 3224 520 3274 p.
537 3211 588 3262 653
608 3208 725 3262 constat.

162 3295 190 3362 3)
208 3309 274 3362 pap.
296 3311 493 3363 ,υναπιγοντα

161 3385 190 3450 4)
217 3380 279 3435 Ηοο
306 3380 452 3453 ὑπερέχειν
480 3384 650 3454 respondere
677 3381 722 3434 illi
751 3377 964 3449 περιγινόμενον
993 3376 1023 3436 ἐν
1050 3389 1108 3444 τοῖς

88 3472 264 3541 χαγ..ΙΙ.ισ
281 3470 359 3540 pute.

143 3588 317 3642 musonianus,
330 3588 364 3630 ed.
379 3588 493 3632 Sudhaus.
876 3573 903 3628 *o
