2356 3884
455 200 492 208 —
540 171 628 225 XLIV
678 199 715 207 -

76 326 155 409 test,
184 322 336 406 quoniam
364 320 568 386 sanctitatem
594 319 693 384 animi
716 319 847 385 simulat
869 319 973 405 magis
996 342 1092 404 quam

78 428 191 513 efficit,
215 431 252 491 ut
275 426 479 492 simulatione
502 426 633 490 virtutis
656 426 858 491 commodum
882 430 1023 512 quaerat,
1046 427 1093 489 ita

78 515 286 618 philosophia
308 556 416 597 veram
439 532 539 597 animi
562 532 753 598 medicinam
775 533 976 619 largitur-
994 533 1092 597 virtu-

79 645 153 705 tem.
200 640 319 718 Quodsi
343 663 413 705 eam
437 640 543 706 doceri
567 663 662 724 posse
685 644 819 725 negant,
847 641 908 705 hoc
931 643 1014 704 teste
1038 638 1093 704 So-

79 752 164 813 crate
188 748 222 811 in
246 745 413 831 politicam
437 747 547 832 potius
570 746 656 812 cadit
679 749 713 810 et
735 745 953 828 sophisticam.
1000 745 1092 810 Oum-

80 875 141 937 que
160 875 255 918 nemo
270 853 454 918 oratoribus
468 854 561 937 peius
575 852 693 937 audiat,
712 851 845 916 ridicule
860 855 977 935 orator,
997 873 1093 934 quem

80 959 241 1042 quidlibet
274 960 371 1046 volgo
406 959 597 1044 persuadere
630 981 724 1043 posse
757 962 896 1043 ponunt,
929 957 1027 1022 etiam
1059 980 1093 1021 se

79 1066 187 1149 ipsum
210 1067 332 1131 bonum
355 1088 423 1131 esse
447 1065 571 1130 civibus
589 1086 799 1149 persuasurus
818 1064 943 1130 dicitur.
979 1064 1093 1148 ltaque

79 1171 245 1255 Euripidis
258 1173 338 1237 illud
352 1173 387 1238 in
396 1171 520 1257 Oedipo
531 1171 752 1237 testimonium
761 1170 815 1258 (of.
825 1171 949 1238 Nauck.
964 1173 1001 1236 fr.
1013 1168 1093 1257 546)

79 1277 312 1362 philosophum
333 1303 399 1344 non
421 1280 567 1346 movebit
589 1277 887 1367 (XXV-XXVII).

144 1384 258 1450 Potest
290 1384 427 1469 denique
460 1387 588 1471 sapiens
616 1386 798 1451 calamitate
826 1390 858 1449 et
885 1384 1010 1449 insidiis
1038 1406 1093 1467 op-

79 1491 189 1574 primi:
217 1489 432 1576 turpitudine,
461 1514 557 1575 quam
584 1493 729 1556 rhetores
757 1491 797 1554 ad
819 1494 923 1556 rostra
945 1489 1092 1554 attulisse

79 1601 192 1662 notum
217 1601 278 1681 est,
301 1596 463 1680 inquinari
485 1619 552 1662 non
575 1600 691 1682 potest.
738 1595 882 1680 Cumque
906 1597 1009 1661 omnis
1032 1597 1093 1660 vir-

79 1707 149 1767 tute
178 1702 316 1768 felicitas
343 1702 558 1789 contineatur,
586 1702 806 1787 philosophia,
835 1723 915 1785 quae
943 1706 976 1765 et
1003 1701 1094 1766 vivos

79 1808 193 1872 mortis
225 1809 341 1874 timore
373 1808 492 1873 liberat
525 1813 558 1873 et
589 1813 734 1874 mortuos
765 1831 831 1874 non
864 1830 931 1873 esse
959 1808 1093 1872 miseros

79 1915 185 1999 docet,
214 1913 451 1999 „inventionem
479 1920 511 1980 et
539 1937 632 1980 usum
661 1937 784 2001 eorum,
815 1938 896 2001 quae
925 1915 965 1979 ad
992 1915 1093 1978 vitam

79 2022 209 2085 beatam
232 2022 426 2108 pertineant,
449 2023 593 2088 omnium
616 2044 679 2088 una
703 2022 868 2109 porrigere
892 2021 1026 2106 potest“.

311 2318 359 2369 De
383 2320 585 2383 argumento
608 2315 686 2372 libri
708 2315 865 2383 proximi.

145 2443 383 2508 Difficillimum
402 2448 451 2507 est
470 2449 696 2530 argumentum
714 2443 792 2507 libri
809 2443 983 2527 enucleare,
1003 2443 1094 2507 cuius

80 2551 181 2615 altera
199 2572 275 2634 pars
294 2548 460 2633 deperdita
479 2554 537 2633 est,
555 2550 687 2614 alterius
706 2553 814 2612 autem
829 2547 932 2632 partis
947 2548 1093 2633 singulae

80 2657 218 2743 paginae
238 2655 431 2739 dimidiatae,
450 2655 633 2720 dimidiatae
653 2655 750 2720 etiam
768 2654 926 2718 laceratae
945 2659 978 2718 et
997 2677 1093 2738 saepe

80 2786 251 2848 perperam
279 2761 457 2846 descriptae
485 2767 569 2826 sunt.
614 2761 751 2845 Insuper
775 2761 908 2847 cognitu
931 2761 1093 2825 interdum

81 2869 210 2934 difficile
230 2874 288 2952 est,
307 2873 416 2932 utrum
429 2868 637 2934 Philodemus
655 2869 807 2952 loquatur
825 2891 866 2932 an
885 2868 1093 2934 adversarius.

79 2976 165 3041 Nam
196 2975 250 3040 hic
282 2996 410 3058 quoque
441 2975 526 3040 liber
556 2976 603 3040 nil
634 2975 697 3039 nisi
730 2974 914 3061 ἀντιγραφή
947 2980 1004 3040 est.
1054 2975 1093 3039 ln

81 3105 144 3166 quo
169 3086 351 3165 opportune
376 3081 503 3166 accidit,
528 3083 613 3166 quod
636 3104 761 3166 papyro
781 3084 903 3147 821:
918 3083 958 3146 H.
973 3081 1018 3146 V2
1036 3081 1092 3163 VI,

82 3190 190 3253 1-46
218 3188 303 3252 idem
330 3192 501 3272 tractatur,
531 3193 568 3252 ut
594 3188 647 3252 hic
675 3188 741 3253 illic
770 3188 885 3253 clarius
912 3189 989 3272 quid
1013 3187 1092 3251 insit

79 3295 252 3360 videamus.

146 3402 256 3467 Possis
280 3408 388 3467 autem
410 3404 496 3467 hunc
517 3402 639 3467 librum
663 3404 774 3469 eodem
793 3402 889 3466 titulo
908 3399 1092 3484 inscribere,

81 3531 144 3593 quo
164 3510 340 3574 Metrodori
359 3510 443 3575 liber
463 3511 545 3596 πρὸς
564 3513 641 3588 τοὺς
659 3509 724 3576 ἀπὸ
743 3511 960 3596 φυσιολογίας
979 3505 1093 3590 λέγον-
