2356 3884
157 1081 191 1146 si
218 1102 359 1166 possem,
386 1079 465 1145 haec
487 1078 668 1144 Philodemi
696 1081 735 1146 de
758 1080 918 1148 rhetorica
940 1082 1105 1149 volumina

90 1189 262 1255 retinerem
295 1191 327 1252 et
359 1191 567 1252 retractarem
594 1187 706 1270 potius,
732 1211 829 1273 quam
858 1189 991 1255 ederem.
1042 1189 1105 1255 Sed

89 1296 266 1363 1111111
290 1299 501 1378 commovent,
524 1298 561 1360 ut
584 1316 665 1378 quae
688 1295 826 1360 habeam
849 1296 979 1361 tandem
1003 1297 1103 1361 edam.

88 1403 174 1471 Nam
201 1407 234 1468 et
261 1424 435 1486 puerorum
463 1400 515 1466 vel
542 1401 688 1468 educatio
716 1402 767 1468 vel
794 1403 958 1469 institutio
986 1426 1037 1468 me
1061 1404 1103 1467 ab

89 1511 149 1574 hac
176 1508 357 1575 studiorum
385 1507 566 1574 subtilitate
594 1508 698 1595 magis
726 1510 894 1596 magisque
919 1513 1048 1575 revocat
1072 1514 1104 1573 et

89 1615 256 1702 amplioris
283 1614 432 1680 lectionis
460 1614 577 1680 cotidie
604 1619 711 1681 movet
740 1616 946 1701 desiderium,
979 1620 1011 1680 et
1035 1615 1105 1680 infi-

88 1724 149 1788 niti
179 1721 301 1788 laboris
329 1720 446 1806 aliquis
474 1722 603 1787 tandem
630 1721 705 1787 finis
732 1722 897 1788 faciendus
925 1722 1104 1806 videbatur,

91 1834 123 1893 et
142 1828 356 1914 complurium
371 1828 576 1893 contentione
591 1833 624 1893 et
638 1829 756 1894 iudicio
770 1828 1013 1915 philologorum
1028 1827 1103 1912 plus

90 1934 174 1999 effici
201 1956 298 2018 quam
326 1934 422 1999 unius
449 1957 548 2019 opera
575 1940 727 2020 expertus
755 1934 829 2001 scio.
875 1933 924 2000 Ac
952 1958 1026 2020 spes
1054 1939 1104 1998 est

89 2041 140 2105 his
164 2039 383 2134 voluminibus
402 2041 497 2106 editis
516 2042 658 2108 virorum
677 2043 845 2108 doctorum
863 2041 974 2107 oculos
993 2041 1027 2104 in
1045 2040 1104 2104 has

90 2146 242 2230 reliquias
265 2147 409 2211 converti
433 2169 538 2231 posse,
562 2169 641 2231 quas
665 2168 738 2211 cum
757 2147 797 2209 ad
815 2146 997 2211 scholarum
1015 2144 1104 2210 illius

89 2253 205 2318 aetatis
223 2253 309 2319 rixas
328 2254 613 2338 contentionesque
633 2253 763 2339 penitus
778 2250 1018 2338 perspiciendas
1033 2257 1104 2318 tum

90 2359 130 2422 ad
157 2359 333 2425 rhetoricae
357 2361 464 2426 studia
487 2359 677 2426 illustranda
700 2360 810 2447 magni
833 2359 931 2445 pretii
956 2382 1024 2425 esse
1049 2382 1104 2424 ex-

89 2465 207 2530 istimo.
239 2465 387 2551 Denique
407 2467 504 2533 etiam
523 2468 561 2532 de
575 2468 710 2553 Epicuri
724 2467 933 2552 philosophia
946 2466 1103 2533 nonnulla
1168 2526 1171 2531 .

87 2572 161 2636 inde
186 2572 385 2638 addiscimus.

154 2677 348 2762 Priusquam
367 2683 475 2744 autem
494 2680 532 2744 de
551 2681 686 2745 materia
705 2684 737 2744 et
752 2679 986 2764 compositione
1001 2677 1103 2743 totius

87 2783 195 2868 operis
211 2783 419 2870 disputarem,
437 2808 539 2870 pauca
552 2786 789 2871 praemittenda
802 2786 1004 2871 videbantur,
1021 2806 1103 2870 quae

86 2890 128 2953 ad
157 2890 266 2975 ipsum
296 2895 422 2957 textum
452 2892 624 2976 pertinent.
674 2891 713 2959 ln
742 2915 806 2977 quo
834 2893 1009 2979 redigendo
1036 2913 1103 2956 non

86 2994 201 3061 dubito
225 2997 305 3082 quin
326 2998 421 3063 multi
445 3022 496 3063 me
519 2999 669 3064 audaciae
693 2998 910 3064 insimulaturi
928 2999 1002 3064 sint.
1040 2996 1103 3063 Sed

85 3103 148 3167 hoc
171 3103 330 3189 inprimis,
353 3105 477 3190 opinor,
500 3105 674 3172 videndum
693 3110 769 3190 erat,
793 3111 829 3171 ut
853 3128 926 3171 cum
949 3105 1103 3170 miserum

85 3209 278 3295 plerumque
301 3214 334 3274 et
356 3210 501 3277 hiantem
524 3215 650 3278 textum
673 3213 875 3296 haberemus,
897 3213 1006 3275 vastae
1028 3209 1102 3273 illae

84 3315 232 3402 lacunae,
259 3337 342 3400 quae
370 3317 485 3384 seriem
513 3315 546 3383 et
573 3317 847 3383 continuationem
870 3315 1103 3382 sententiarum

85 3422 356 3506 complexumque
379 3425 553 3492 verborum
576 3423 771 3507 dirimerent,
795 3422 918 3488 coirent
941 3427 974 3487 et
995 3423 1102 3507 exple·

85 3533 205 3595 rentur.
247 3528 393 3614 Cumque
417 3531 545 3598 duobus
567 3529 661 3595 malis
685 3528 867 3617 propositis
888 3528 1040 3596 alterum
1058 3528 1116 3590 elx-
