2356 3884
417 195 457 202 —
505 166 636 221 XXXVII
683 196 724 202 —

345 415 394 468 De
417 417 617 482 argumento
641 414 719 472 libri
741 415 798 470 IV.

129 545 193 610 Hic
218 545 302 609 liber
325 543 359 607 in
382 544 460 609 duas
483 550 593 629 partes
616 545 737 610 divisus
761 550 817 610 est.
863 544 985 610 Prioris
1012 570 1083 630 par-

60 654 105 718 tis
132 654 172 717 19
196 651 342 737 pagellas
365 650 531 737 habemus,
555 673 628 716 cum
651 651 781 716 omnino
808 654 869 717 147
894 653 946 718 vel
969 654 1079 737 paullo

61 759 174 843 plures
183 757 312 822 fuerint.
331 756 492 822 Numeros
508 757 593 822 enim
607 757 681 822 inde
696 759 737 822 ab
752 763 864 823 octava
876 759 996 846 pagina
1008 761 1082 825 sub-

62 865 203 948 scriptos
221 864 369 950 legimus.
397 861 542 929 Alterius
561 863 664 947 partis
681 866 723 930 68
742 864 881 950 paginae
900 871 1082 949 supersunt.

130 969 169 1034 ln
200 969 330 1056 paginis
362 973 471 1034 autem
501 972 683 1037 raa-147
712 1002 754 1024 =
784 971 839 1035 fol.
869 975 977 1037 1-19
1005 971 1082 1059 περὶ

64 1075 184 1155 λέξεως
215 1075 331 1162 agitur.
384 1075 422 1140 In
455 1097 518 1159 quo
551 1076 682 1141 difficile
715 1082 764 1141 est
797 1076 983 1162 diiudicare,
1016 1101 1080 1163 quo

62 1182 161 1247 modo
193 1206 224 1266 p.
255 1185 340 1247 1-3
373 1181 413 1245 ad
441 1181 639 1247 locutionem
669 1183 861 1265 pertineant.
910 1184 1080 1269 Rhamma,

62 1288 185 1372 inquit,
217 1287 458 1372 philosophiam
491 1288 554 1352 sibi
581 1287 745 1352 vindicant
772 1311 838 1353 non
865 1294 933 1354 tam
961 1295 1082 1354 certam

64 1400 186 1460 sectam
210 1416 306 1479 quam
329 1394 511 1459 universam
534 1394 623 1459 illam
646 1394 889 1479 philosophiam
911 1396 1083 1480 respicien-

64 1507 125 1585 tes,
145 1500 228 1566 sicut
245 1499 402 1566 Isocrates
422 1501 646 1586 philosophari
665 1501 730 1566 sibi
748 1502 835 1566 visus
856 1507 905 1567 est
923 1500 983 1588 (2).
1013 1501 1083 1568 Nec

64 1613 175 1672 tamen
202 1607 240 1672 de
268 1607 308 1672 iis
337 1607 517 1693 disputant,
546 1630 626 1692 quae
655 1631 728 1672 vere
753 1609 846 1673 utilia
869 1613 958 1693 sunt,
986 1631 1083 1692 quam

65 1717 192 1798 partem
224 1712 391 1797 propriam
423 1736 491 1778 esse
524 1714 750 1798 philosophiae
781 1718 921 1798 constat,
954 1713 1010 1777 sed
1037 1714 1084 1777 ita

66 1822 236 1884 versantur
254 1819 288 1882 in
303 1819 517 1904 contionibus,
536 1824 573 1884 ut
587 1843 668 1905 quae
683 1821 782 1907 vulgo
797 1819 891 1884 utilia
905 1819 1082 1906 videantur,

65 1925 232 2009 arripiant.
288 1924 380 2000 Quod
413 1930 625 2011 ψυχαγωγίας
657 1932 721 2013 est,
758 1927 848 1992 cuius
880 1925 1009 1990 nomine
1042 1927 1084 1990 ad

65 2031 219 2116 pulchras
248 2030 320 2094 illas
343 2053 437 2095 voces
461 2035 494 2095 et
517 2031 662 2115 speciosa
686 2032 843 2096 sermonis
866 2032 1002 2096 artificia
1025 2033 1084 2095 rei·

64 2137 177 2202 eimur.
211 2134 330 2199 Contra
348 2135 557 2201 Philodemus
575 2135 681 2219 ipsam
700 2136 869 2220 pulchram
887 2135 1084 2202 locutionem

65 2241 337 2328 philosophorum
374 2264 442 2306 esse
479 2240 571 2325 dicit,
609 2263 736 2327 quoque
768 2241 905 2326 propius
938 2242 1010 2327 quis
1043 2244 1084 2308 ad

65 2352 188 2413 rectam
210 2347 452 2432 philosophiam
475 2347 494 2411 i.
515 2370 540 2411 e.
561 2347 755 2432 Epicuream
779 2349 917 2435 accedat,
941 2373 978 2414 eo
998 2351 1084 2416 locu·

65 2461 177 2520 turum
204 2454 368 2539 disertius
396 2453 423 2518 si
451 2454 580 2537 quidem
606 2455 789 2540 proprietas
813 2461 845 2520 et
868 2456 1085 2540 perspicuitas

66 2559 223 2626 sermonis
246 2560 352 2644 prima
374 2560 445 2624 laus
464 2582 532 2624 esse
552 2561 668 2626 debeat
686 2559 747 2649 (4).
783 2565 938 2647 Μίμησιν
956 2585 1031 2627 vero
1052 2567 1085 2627 et

66 2668 216 2752 ὁμοίωμα
243 2689 310 2731 non
337 2689 406 2730 esse
431 2665 585 2731 virtutem
608 2668 764 2732 sermonis
786 2690 846 2732 nec
868 2667 1018 2751 usurpari
1041 2669 1083 2732 ab

67 2773 193 2857 optimo
218 2795 345 2857 quoque
369 2777 495 2837 oratore
516 2771 559 2858 (5,
574 2772 619 2860 6).
653 2773 796 2858 Cumque
814 2773 972 2838 naturalis
991 2796 1088 2858 quae-

67 2879 141 2943 dam
164 2879 285 2944 locutio
310 2878 437 2964 existat,
460 2901 525 2942 non
549 2900 631 2963 opus
655 2884 704 2944 cst
727 2880 899 2946 artificiosa
918 2880 979 2969 (7),
1003 2903 1084 2965 quae

67 3008 108 3050 ne
132 2984 166 3050 in
185 3007 249 3052 uno
270 2984 400 3068 quidem
418 2989 548 3050 auctore
566 2986 685 3050 nedum
702 2986 736 3050 in
755 2991 846 3051 tanto
866 3008 1000 3051 numero
1020 2985 1084 3050 sibi

67 3097 194 3157 constat
217 3093 262 3179 (8,
282 3089 327 3177 9).
364 3090 477 3176 laque
500 3092 703 3178 grammatici
726 3097 758 3157 et
782 3092 970 3176 philosophi
994 3111 1084 3173 prae·

67 3204 163 3284 cepta
190 3199 247 3263 illa
274 3197 415 3263 ridentes
440 3198 543 3263 multo
567 3198 682 3263 melius
706 3198 862 3283 sophistis
885 3195 1085 3279 scripserunt

66 3303 149 3392 (10).
200 3304 267 3370 Sub
300 3305 397 3369 finem
428 3305 525 3371 huius
557 3304 660 3390 partis
691 3305 729 3368 de
758 3303 877 3370 Graeca
904 3301 1084 3366 elocutione

67 3413 167 3476 uerba
189 3412 268 3477 facit
291 3409 347 3498 (11
361 3410 453 3498 squ).
500 3411 672 3496 Sophistae
696 3410 781 3474 enim
804 3407 961 3492 plurimos
984 3407 1085 3472 soloe·

68 3517 185 3583 cismos
213 3523 247 3583 et
270 3518 489 3606 barbarismos
512 3516 718 3583 admiserunt.
763 3515 832 3584 Nec
855 3536 936 3600 pure
959 3508 1080 3579 dicens
