2356 3884
470 167 514 177 -
558 140 650 194 XXIII
697 168 738 175 —

93 291 196 358 canda
223 311 390 357 censemus
418 311 454 353 ea
477 287 566 377 (VI),
593 310 730 379 quorum
753 288 925 374 perspicua
949 294 997 355 est
1020 290 1114 355 vitio-

93 399 184 484 sitas,
208 401 240 462 et
260 397 294 460 in
312 394 568 481 perstringendis
588 395 725 481 singulis
742 395 907 481 nonnulla,
926 418 1008 480 quae
1026 420 1111 462 nunc

93 502 277 587 omisimuS,
301 503 482 566 afferentur.

184 608 237 673 Ex
260 608 495 694 Epicureorum
513 608 655 693 denique
678 630 811 673 numero
831 609 1111 675 vehementissime

94 738 151 781 eos
178 715 342 800 vituperat
365 714 586 798 Philodemus,
614 714 796 799 quicunque
823 716 1018 799 sophisticae
1042 716 1111 780 rhe-

93 821 216 887 toricae
243 822 343 886 ullam
371 843 440 886 esse
468 825 569 886 artem
596 826 797 908 negaverunt
825 827 857 887 et
880 823 915 886 in
936 823 1019 888 hanc
1044 845 1111 887 sen-

93 927 233 994 tentiam
255 927 357 992 libros
381 933 639 1011 composuerunt.
676 927 797 1006 Quodsi
819 929 902 994 hanc
921 933 1023 994 artem
1043 951 1111 994 esse

93 1035 272 1119 Epicurus,
299 1033 516 1118 Metrodorus,
544 1033 762 1099 Hermarchus
791 1033 1044 1120 declaraverunt,
1074 1039 1111 1099 ut

95 1139 379 1224 demonstrabitur,
398 1140 453 1224 qui
473 1145 585 1206 contra
602 1141 662 1205 hos
676 1163 716 1204 ex
728 1139 963 1227 Epicureorum
976 1164 1111 1207 numero

95 1246 256 1332 scribunt,
280 1268 382 1332 paene
405 1269 465 1331 pro
489 1246 658 1333 parricidis
680 1245 821 1310 habendi
845 1246 1001 1312 videntur.
1026 1285 1064 1296 -

161 1353 261 1419 Vides
283 1353 509 1419 Philodemum
536 1352 600 1437 his,
628 1351 817 1438 priusquam
845 1352 972 1441 singula
1000 1377 1111 1440 aggre-

95 1461 216 1545 diatur,
241 1461 421 1546 generatim
444 1461 551 1545 qualia
574 1459 653 1525 vitia
675 1459 925 1547 impugnaturus
949 1460 1004 1545 sit,
1028 1482 1111 1526 com-

94 1566 293 1652 prehendere
322 1571 354 1631 et
382 1572 537 1652 tanquam
563 1566 649 1632 viam
671 1567 805 1632 munire.
851 1568 923 1632 Hoc
946 1571 1054 1633 autem
1077 1569 1112 1632 in

95 1673 303 1738 aestimandis
331 1677 363 1738 ct
392 1673 602 1738 diiudicandis
629 1673 680 1738 his
708 1673 928 1739 voluminibus
951 1673 1111 1756 imprimis

95 1780 269 1845 tenendum
298 1801 366 1844 esse
395 1784 545 1865 apparet,
572 1780 798 1846 Philodemum
823 1803 890 1846 non
917 1780 1110 1846 rhetoricam

94 1883 151 1949 sed
178 1884 217 1949 de
245 1884 406 1951 rhetorica
433 1885 588 1971 scribere,
613 1908 680 1952 non
707 1891 809 1953 artem
833 1887 925 1953 edere
949 1888 1005 1954 sed
1028 1910 1110 1953 eom-

94 2013 215 2074 ponere
239 1990 458 2078 ἀντιγραφήν,
480 2015 547 2059 non
564 1998 632 2058 tam
651 2016 708 2059 sua
727 1998 900 2078 praecepta
919 1995 993 2057 dare
1014 2016 1111 2077 quam

92 2099 235 2162 refutare
259 2097 370 2163 aliena.
408 2098 454 2164 cf.
476 2122 501 2165 e.
520 2122 551 2185 g.
571 2122 602 2182 p.
622 2101 701 2184 214,
720 2100 762 2164 22
786 2102 868 2184 πρὸς
892 2099 909 2162 ὃ
933 2097 988 2164 καὶ
1011 2101 1110 2181 λαλή-

93 2221 197 2290 σομεν
221 2202 274 2270 ἐπὶ
292 2208 370 2281 τοὺς
389 2203 629 2290 ἕκδεδομένους
646 2203 701 2270 ὑπ’
720 2203 829 2270 αὐτῶν
848 2206 968 2288 λόγους
987 2204 1109 2291 ἀναφέ-

92 2333 219 2398 povres.

378 2570 427 2626 De
451 2573 651 2638 argumento
676 2570 757 2628 libri
779 2570 823 2629 11.

161 2700 319 2778 Quoniam
356 2701 601 2785 dispositionem
634 2703 730 2769 huius
761 2701 839 2766 libri
871 2723 973 2786 paene
1006 2705 1109 2766 totam

88 2806 174 2891 ipsis
188 2806 369 2872 Philodemi
383 2808 492 2874 verbis
511 2809 692 2874 adscribere
710 2809 795 2893 licet,
815 2811 971 2892 quantum
989 2809 1022 2873 id
1040 2810 1111 2874 fieri

88 2917 236 2998 poterat,
258 2914 362 2979 facere
385 2937 451 2979 non
475 2914 628 2980 dubitavi.

418 3108 441 3174 Ι.
469 3107 636 3196 Ἑτέρων
659 3109 782 3188 δόξαι.

162 3255 190 3317 1.
214 3253 295 3317 κατὰ
319 3249 417 3339 μέρος
440 3255 550 3334 λόγων
575 3252 715 3336 διακοπὴ

213 3398 240 3441 a.
263 3387 330 3442 τῶν
357 3376 579 3463 ἠρωτημένων
607 3373 690 3461 ὑπὲρ
718 3386 779 3442 τοῦ
805 3373 925 3460 τέχνην
953 3376 996 3458 μὴ
1021 3370 1108 3441 εἶναι

262 3485 323 3570 τὴν
347 3483 527 3571 ῥητορικήν
551 3483 763 3572 (Ρ.13-29,
786 3477 841 3560 14)
864 3478 921 3548 καὶ
