2356 3884
461 200 499 211 —
546 174 663 228 XXXVI
710 202 751 209 -

375 336 424 389 De
448 335 648 402 argumento
671 332 750 388 libri
772 332 833 389 111.

167 467 243 533 Non
267 466 395 550 dubito,
421 465 500 549 quin
522 463 658 529 1X²f0t
684 467 761 549 128,
789 465 827 528 fr.
852 467 871 530 8
895 462 1025 527 initium
1049 463 1115 526 fere

100 573 178 638 libri
202 571 291 637 tertii
315 572 358 636 sit
381 570 548 654 deperditi.
583 569 714 655 Ἐπειδῆ
739 567 776 634 δὲ
798 568 874 655 περὶ
897 581 957 636 τοῦ
979 571 1018 654 τῆ
1059 569 1117 653 ῥη-

102 680 238 764 τορικὴν
256 677 376 763 τέχνην
395 678 456 763 οὑχ
474 678 635 763 ὑπάρχειν
649 675 752 762 (pap.:
767 673 923 761 .,.εχειν)
944 674 998 740 καὶ
1016 676 1117 742 πάλιν

102 783 187 870 ὑπὲρ
210 795 270 850 τοῦ
293 782 411 870 τέχνην
434 794 532 849 τοῦτο
552 780 775 865 διειλέγμεθα,
798 778 935 845 καλοῦν
955 778 1117 864 μέλλομεν

104 892 327 977 παραδιδόναι
352 891 444 966 ἰδίως
466 889 559 965 τινάς
580 886 635 952 καὶ
659 888 715 951 διὰ
737 897 804 951 τῶν
824 888 988 950 πλείστων
1006 888 1117 968 λόγων

104 998 284 1080 διηκούσας
307 998 339 1061 εί
360 998 404 1081 μῆ
427 993 482 1062 καὶ
506 995 561 1060 διά
583 994 719 1059 πάντων
741 995 867 1069 κακίας·
892 991 1031 1075 μάλιστα
1054 991 1117 1075 γάρ

104 1103 145 1168 ἀν
165 1102 270 1178 οὑτως
288 1102 468 1185 μεθοδικὸς
486 1101 504 1167 ὁ
523 1102 644 1186 τρόπος
659 1099 812 1184 εὑρεθείη
833 1107 891 1182 τῆς
905 1097 1119 1180 ἀντιγραφῆς,

106 1207 165 1273 ἐὰν
193 1206 258 1272 ἀπό
285 1230 387 1273 τινων
413 1210 633 1293 πορευόμενοι
656 1208 827 1289 στοιχείων
851 1204 1120 1286 διαστελλῶμεθα

104 1315 161 1390 τάς
190 1314 358 1390 διακοπάς.
404 1319 546 1399 Πρῶτον
575 1309 635 1397 μὲν
666 1307 729 1377 οὑν
751 1308 888 1395 ἐξέσται,
910 1305 1119 1394 πρόχειρονῑ)

105 1431 199 1486 νοεῖν
219 1418 271 1484 ἐπὶ
289 1428 347 1504 τῆς
364 1419 540 1504 ῥητορικῆς
553 1421 669 1494 κακίας
681 1425 870 1503 χαρακτῆρα
886 1468 892 1480 .
907 1467 913 1480 .
928 1415 980 1478 vel
994 1414 1120 1479 similia.

174 1525 308 1611 Singula
326 1529 462 1609 propter
480 1523 636 1588 maximas
652 1523 783 1587 lacunas
797 1523 919 1587 ineerta
933 1526 1022 1586 sunt:
1041 1520 1122 1584 illud

106 1654 182 1695 vere
202 1635 338 1714 apparet
351 1631 576 1695 Philodemum
594 1630 681 1694 hune
698 1629 820 1694 librum
838 1629 903 1713 ipsi
920 1627 1021 1711 priori
1035 1627 1121 1711 parti

106 1737 184 1802 libri
217 1737 348 1801 secundi
380 1736 572 1800 adiunxisse.
621 1736 670 1800 De
703 1741 773 1801 toto
806 1738 996 1822 argumento
1025 1755 1121 1817 porro

107 1842 168 1907 sub
197 1844 295 1907 finem
322 1843 399 1907 libri
422 1841 453 1907 H
480 1843 542 1907 hoc
564 1842 704 1928 legimus
727 1865 759 1926 p.
780 1843 857 1927 135,
880 1843 925 1906 40
935 1863 1004 1925 sqq.
1037 1841 1123 1904 διότι

109 1947 185 2034 περὶ
212 1949 273 2032 τῆν
299 1950 471 2032 πολιτικὴν
500 1949 678 2035 ῥητορικὴν
706 1949 767 2013 οὐκ
790 1950 880 2013 ἔστιν
902 1947 923 2030 ῆ
948 1948 1122 2033 σοφιστικὴ

109 2057 234 2139 είδησις
258 2092 300 2100 -
323 2062 421 2119 τοῦτο
449 2051 697 2139 ὑπερηδόμεθα
719 2055 756 2118 τὸ
780 2050 878 2139 μέρος
901 2053 948 2129 είς
969 2054 1028 2117 τὸν
1052 2049 1124 2133 ἑξῆς

109 2158 245 2227 τουτονὶ
264 2163 584 2244 συγγραφησόμενον
602 2158 907 2242 ὑπομνηματισμόν.
936 2155 992 2222 Ἐν
1009 2156 1123 2245 ἐκείνῳ

109 2267 172 2351 γάρ
191 2266 481 2349 ὑποδειχθῆσεται,
503 2268 589 2330 διότι
607 2266 758 2349 πολιτικὴ
778 2264 919 2348 δύναμις
937 2263 979 2329 οὐ
998 2268 1124 2347 μᾶλλον

110 2371 147 2437 ἐκ
174 2381 241 2434 τῶν
270 2380 472 2455 σοφιστικῶν
499 2371 627 2436 τούτων
655 2370 889 2434 ἀποτελεῖσθαι
913 2371 1052 2434 δύναται
1076 2370 1125 2432 δι-

113 2478 319 2542 δασκαλείων
337 2474 358 2558 ῆ
378 2477 433 2539 διά
451 2485 518 2539 τῶν
538 2485 772 2560 γραμματικῶν
786 2474 806 2559 ῆ
821 2478 1028 2560 φιλοσόφων,
1046 2480 1126 2539 πολ-

112 2583 206 2659 λάκις
234 2579 271 2646 δὲ
298 2579 353 2646 καὶ
380 2581 506 2664 βλάβης
534 2578 608 2665 οὐχί
635 2585 769 2666 μετρίας
793 2577 836 2664 ῆν
858 2583 879 2665 ῆ
902 2590 1014 2665 κτῆσις
1037 2583 1126 2645 αίτία

13 2733 36 2749 ,«
110 2688 361 2754 καθιστάνονσα
380 2682 460 2752 οὐδὲ
477 2687 535 2764 κάς
554 2684 607 2751 ἐπὶ
625 2698 693 2752 τῶν
709 2686 882 2771 ἀληθινῶν
897 2687 1037 2770 ἀγώνων
1051 2688 1126 2771 εὑη-

112 2797 233 2878 μερίας.
267 2792 347 2857 Cum
367 2816 430 2878 quo
450 2793 573 2876 optime
593 2794 749 2879 congruit,
769 2792 1127 2879 qu0d1X2,121-132

113 2899 306 2982 disputatur.
353 2898 399 2963 ef.
424 2922 449 2963 e.
468 2923 498 2986 g.
524 2902 585 2965 131
593 2951 601 2984 ,
622 2902 698 2965 132:
724 2923 809 2984 „non
832 2901 1005 2964 obscurum
1028 2899 1126 2962 immo

112 3006 185 3088 ipsa
216 3003 283 3067 vita
310 3008 449 3069 testatur
478 3006 717 3090 [philosophos]
746 3008 843 3071 urbes
869 3027 934 3070 non
963 3010 1127 3070 conterere

114 3110 280 3174 commode
308 3131 417 3174 earum
443 3112 676 3197 venditantes“‚
708 3135 781 3176 eum
808 3117 956 3196 spectent
983 3112 1128 3174 rhetores

114 3238 208 3280 suum
241 3216 376 3300 quisque
405 3218 614 3282 commodum.
661 3219 861 3302 Quemquam
889 3217 1016 3304 singula
1045 3217 1128 3301 frag-

115 3327 224 3385 menta
247 3322 326 3387 satis
350 3322 446 3386 exilia
470 3328 553 3388 sunt.

191 3518 215 3583 1)
236 3513 379 3584 Coniunge
398 3515 549 3587 πρόχειρον
569 3560 574 3571 .
591 3559 596 3572 .
613 3561 619 3572 .
639 3523 802 3588 χαρακτῆρα
821 3523 898 3572 νοεῖν
919 3514 1035 3583 ἐξέσται.
