2356 3884
457 301 691 355 ...VH-

69 454 164 539 primi
187 454 305 518 iamin
324 451 487 517 officinam
504 451 602 517 missa
621 454 697 515 erat.
731 448 818 527 Quae
836 452 953 534 tamen,
977 448 1084 532 quoad

69 563 173 647 potui,
202 553 326 625 contuli
353 562 506 623 accurate.
551 557 605 622 Fit
633 557 732 641 enim,
760 560 797 622 ut
820 555 872 621 vel
896 555 1083 621 acutissimo

8 690 30 826 f
69 668 160 732 oculo
186 671 219 730 et
242 664 366 749 optima
387 663 458 728 luce
481 663 609 750 singula
629 663 695 749 legi
714 685 780 727 non
798 662 934 747 possint,
958 684 1031 727 eum
1050 667 1083 727 et

69 773 254 836 tabularum
276 770 489 855 perspicuitas
513 770 592 835 satis
616 770 658 835 sit
682 769 816 852 diversa,
841 773 874 833 et
897 791 979 853 quae
1002 791 1084 834 mar-

8 852 24 960 f
70 878 137 962 gini
170 878 314 943 subiecta
346 899 442 962 saepe
474 881 646 962 apparent,
677 875 748 940 luce
781 875 947 941 deficiente
980 897 1083 960 paene

69 985 288 1051 obliterentur.
339 983 535 1067 Accedebat,
568 983 655 1067 quod
683 980 865 1066 Gomperzii
893 982 1083 1067 apographa

69 1092 145 1157 satis
169 1096 315 1156 accurate
339 1090 489 1156 instituta
512 1088 601 1154 illinc
619 1111 686 1154 non
704 1111 899 1175 magnopere
920 1088 1083 1153 emendari

66 1198 224 1282 videbam,
246 1199 370 1263 minora
394 1200 502 1262 autem
524 1195 614 1261 velut
631 1201 664 1260 A
683 1199 715 1260 et
734 1200 765 1260 Λ
789 1195 855 1282 sive
875 1199 907 1260 Γ
921 1199 954 1259 et
977 1199 1007 1260 T
1026 1195 1083 1260 im·

68 1307 210 1367 mutatae
238 1304 428 1388 plerumque
456 1301 558 1367 multo
582 1305 656 1366 ante
680 1301 943 1384 expediebantur.
991 1302 1082 1367 Com·

68 1409 309 1475 memorandum
337 1408 473 1493 denique
502 1408 581 1473 duas
609 1429 752 1491 papyros
779 1411 905 1492 partem
932 1407 1009 1473 libri
1036 1430 1082 1473 se·

68 1516 161 1580 cundi
190 1521 222 1581 et
249 1519 375 1600 partem
403 1513 510 1599 quarti
539 1513 740 1578 continentes
764 1513 828 1578 iarn
853 1516 939 1580 1825
963 1513 1081 1579 Oxonii

66 1622 101 1684 in
112 1622 399 1687 Herculanensium
406 1620 617 1686 Voluminum
627 1625 715 1686 tomo
726 1619 757 1686 Il
766 1645 798 1706 p.
808 1624 938 1687 1-116
950 1621 1081 1706 publice

10 1792 14 1805 ,
67 1729 249 1813 propositas
272 1750 350 1794 esse.

131 1834 216 1900 Ante
244 1837 327 1900 hanc
356 1833 529 1899 editionem
557 1835 622 1899 iam
644 1833 718 1900 Itali
742 1838 868 1900 textum
891 1833 925 1897 in
948 1835 1083 1899 volumi·

66 1941 161 2007 nibus
189 1941 389 2008 collectionis
417 1941 534 2025 prioris
557 1940 780 2006 restituebant.
827 1940 970 2018 Quorum
995 1963 1081 2006 men-

67 2047 188 2112 tionem
215 2071 345 2132 perraro
375 2053 407 2113 et
434 2070 536 2133 paene
561 2070 726 2132 nunquam
749 2047 824 2133 feci,
852 2048 927 2132 quia
949 2048 1081 2134 linguae

69 2151 206 2217 Graecae
238 2176 302 2219 non
335 2155 413 2220 satis
441 2155 534 2241 gnari
562 2177 686 2219 summa
714 2156 748 2219 in
776 2154 944 2239 explendis
971 2155 1081 2219 verbis

67 2257 197 2324 licentia
224 2260 273 2325 usi
302 2266 385 2326 sunt.
432 2260 554 2324 Textus
582 2259 668 2323 enim
691 2260 764 2323 inde
788 2259 992 2323 elocutione
1015 2259 1081 2324 Ho-

67 2363 184 2429 merica
216 2386 316 2449 usque
350 2367 390 2431 ad
418 2362 682 2431 consuetudinem
708 2362 921 2447 Byzantinam
954 2367 1080 2451 quidvis

67 2471 316 2554 comprehendit.
352 2471 421 2539 Nec
439 2494 514 2537 vero
533 2470 692 2536 feliciores
710 2473 841 2538 fuerunt
860 2472 893 2537 in
912 2475 1082 2539 sententiis

64 2577 262 2664 indagandis.
307 2576 476 2655 'Quoniam
512 2584 620 2644 tamen
656 2601 767 2645 verum
803 2580 838 2644 in
870 2581 931 2645 hoc
963 2604 1081 2668 genere

66 2684 255 2749 emendandi
292 2685 365 2769 ipso
402 2707 498 2768 saepe
536 2686 654 2749 obtutu
691 2691 723 2751 et
754 2685 909 2751 felicitate
943 2689 1080 2771 quadam

64 2789 149 2854 oculi
176 2812 242 2855 non
269 2791 377 2855 minus
404 2814 501 2875 quam
524 2790 694 2856 scrutando
718 2791 893 2876 invenitur,
916 2794 980 2876 ipsi
1005 2817 1080 2879 quo-

64 2918 127 2980 que
164 2918 222 2961 sua
257 2897 376 2981 ἕρμαια
412 2899 542 2962 habent.
595 2897 707 2981 Iaque
745 2897 893 2983 quotiens
931 2922 982 2963 me
1015 2900 1081 2965 illis

65 3000 232 3085 quidpiam
269 3003 386 3068 debere
422 3001 619 3087 iudicabam,
656 3005 717 3068 hoc
749 3005 783 3068 in
815 3005 1080 3072 adnotationibus

63 3109 319 3174 commemorari.

131 3214 262 3280 Partem
288 3215 366 3280 libri
395 3216 502 3300 quarti
530 3239 570 3281 ex
598 3215 774 3281 Oxoniensi
803 3215 951 3298 exemplo
980 3217 1080 3281 edidit

60 3320 250 3389 Leonardus
272 3321 415 3408 Spengel
442 3321 476 3386 in
503 3323 583 3388 Aba.
606 3325 659 3388 der
682 3323 811 3390 Metucb.
834 3323 932 3388 Aeac.
979 3323 1077 3388 Phil.-

62 3429 133 3497 lu'at.
153 3426 205 3496 ΟΖ.
223 3426 279 3514 111,
299 3431 316 3493 1
344 3429 429 3494 1837
449 3452 480 3513 p.
496 3431 680 3495 207-303.
718 3429 749 3494 Is
774 3445 967 3512 quamquam
991 3451 1081 3516 saga·

62 3533 193 3601 cissime
216 3534 357 3620 plurima
380 3534 532 3620 absolvit,
556 3539 664 3599 tamen
688 3534 774 3617 quod
797 3527 974 3612 exemplari
998 3534 1081 3599 Nea·

66 3636 212 3719 politmo
233 3641 377 3707 nondum
400 3643 448 3708 uti
470 3646 611 3730 poterat,
632 3638 795 3710 nonnulla
818 3636 1015 3726 supplenda
1028 3635 1110 3702 reb·
