2356 3884
510 153 704 205 ..L-

176 302 315 367 Omnino
338 306 447 366 autem
470 302 504 364 in
527 303 588 367 hoc
613 302 676 366 sibi
699 301 830 365 minime
850 305 1008 387 constant,
1031 303 1118 385 quod

103 409 333 492 philosopham
361 407 668 472 demonstrationem
701 405 892 498 (syllogism.
921 412 953 472 et
980 407 1116 495 induet.)

103 514 237 598 politico
257 515 352 579 modo
371 515 450 577 dant
468 513 563 577 modo
584 514 738 598 adimunt,
757 518 794 578 ut
809 513 1004 600 ignoremus,
1023 536 1116 598 quae-

102 643 178 684 nam
197 621 262 698 ἕξις
280 630 337 704 τῆς
355 625 524 702 πολιτικῆς
539 620 710 703 δυνάμεως
728 619 924 701 philosopho
944 620 1118 684 tribuenda

31 803 34 807 .
102 727 146 790 sit
169 723 476 812 (XXXIX—XLV).

170 831 285 914 [Dixit
304 831 433 914 opinor,
457 830 656 894 adversarius
679 852 752 892 eum
776 829 936 912 optimum
960 852 1029 894 esse
1049 853 1117 895 ora-

102 941 216 1018 torem,
240 959 335 1018 quem
358 936 510 999 facillime
529 935 695 999 audientes
713 935 928 1020 intellegant]
962 934 1023 1000 Sed
1042 958 1116 1000 cum

28 1072 36 1083 ι
103 1043 138 1105 in
161 1041 233 1105 aliis
256 1045 327 1104 tum
349 1042 384 1105 in
406 1042 457 1106 his
481 1041 611 1106 confuse
634 1040 792 1125 loquitur,
818 1042 904 1125 quod
924 1064 993 1106 non
1016 1041 1115 1125 expli-

103 1148 183 1231 cuit7
216 1151 374 1231 quatenus
405 1170 465 1231 per
496 1170 530 1211 se
562 1147 582 1210 i.
610 1169 636 1211 e.
653 1147 866 1233 ‘cogitatione
896 1152 929 1212 et
957 1148 1116 1232 quatenus

103 1253 237 1317 scientia
255 1251 385 1338 linguae
404 1253 571 1318 audientes
590 1257 751 1319 oratorem
765 1254 856 1337 sequi
870 1255 1005 1338 possint.
1030 1253 1116 1322 Nam

103 1381 311 1443 quaecunque
352 1359 601 1446 intellegimur,
642 1359 767 1425 remota
803 1361 947 1425 oratione
983 1359 1116 1443 physica

103 1466 241 1549 quadam
263 1486 371 1528 rerum
394 1466 604 1531 obscurarum
626 1465 849 1531 aestimatione
867 1470 1033 1550 tamquam
1051 1470 1116 1530 tru-

101 1572 171 1635 tina
195 1575 291 1653 atque
315 1570 465 1635 rationali
490 1594 613 1658 eorum,
640 1594 720 1656 quae
743 1576 873 1656 praesto
897 1577 985 1657 sunt,
1009 1572 1116 1636 obser-

103 1677 231 1741 vatione
254 1676 440 1759 penduntur
464 1683 496 1742 et
518 1679 709 1764 iudicantur,
732 1683 768 1743 ut
790 1679 844 1743 hic
866 1678 1027 1762 methodo,
1050 1700 1117 1741 non

103 1783 239 1866 peritiae
258 1782 349 1846 locus
367 1781 418 1846 sit.
455 1782 500 1846 Et
518 1784 579 1848 hoc
599 1786 728 1869 quidem
747 1785 787 1849 ad
805 1785 942 1849 formam
961 1783 1117 1848 orationis

103 1888 253 1973 pertinet.
283 1887 352 1950 Nec
371 1890 480 1952 tamen
499 1889 537 1952 de
556 1892 654 1956 rebus
672 1890 787 1956 melius
806 1891 959 1956 iudicavit
974 1888 1116 1985 (XLVI).

178 1993 212 2058 Si
235 1992 448 2079 physiologus
472 1995 510 2058 de
533 1997 631 2062 rebus
654 1998 823 2063 rhetoricis
845 2021 911 2063 non
933 1998 1027 2082 peius
1051 2020 1117 2062 ora-

102 2107 172 2166 tore
195 2100 284 2185 loqui
308 2103 431 2186 potest,
454 2100 526 2166 ideo
549 2125 615 2168 non
638 2104 724 2187 apud
746 2104 877 2187 plebem
900 2105 999 2168 verba
1021 2105 1118 2169 faciet

103 2214 136 2270 et
165 2211 273 2270 orator
301 2207 370 2270 erit.
415 2207 530 2289 Neque
555 2208 611 2271 ille
634 2208 809 2273 architecto
834 2210 948 2273 similis
972 2214 1034 2293 est,
1062 2209 1117 2291 qui

104 2311 230 2375 etiamsi
257 2333 323 2374 non
348 2312 507 2394 aedificet,
534 2317 643 2374 tamen
666 2333 737 2374 eam
761 2334 857 2394 quam
881 2313 992 2376 didicit
1015 2317 1117 2376 artem

104 2440 176 2481 cum
203 2416 282 2479 velit
310 2415 402 2478 edere
426 2414 538 2497 possit.
583 2414 722 2497 Physico
747 2419 855 2477 autem
877 2437 982 2496 neque
1006 2437 1024 2476 a
1047 2416 1117 2497 phi-

103 2521 253 2605 losophia
284 2540 388 2603 neque
421 2541 440 2580 a
469 2516 602 2600 politica
634 2517 709 2580 talis
741 2517 877 2580 facultas
909 2518 1027 2581 iniecta
1060 2523 1116 2583 est.

103 2628 279 2711 Perspecto
308 2626 408 2713 igitur
430 2623 651 2707 Nausiphanis
679 2644 784 2685 errore
813 2628 949 2705 apparet
977 2624 1117 2707 philoso-

104 2734 207 2818 phum
235 2734 411 2818 ingenuum
434 2753 453 2792 a
467 2729 654 2823 'rhetoricae
682 2728 788 2792 studio
817 2751 885 2793 esse
913 2731 1117 2795 retinendum

105 2835 442 2926 (XLVII-XLVIII).
511 2835 514 2843 '

172 2945 372 3027 Quamquam
401 2941 503 3027 igitur
529 2940 622 3004 venia
650 2940 752 3004 danda
780 2946 828 3005 est
857 2943 899 3027 ei,
932 2945 987 3027 qui
1014 2945 1118 3009 victus

107 3050 278 3134 quaerendi
298 3071 392 3113 causa
412 3047 608 3131 aliquamdiu
627 3046 821 3110 rhetoricam
844 3046 942 3133 (sicut
961 3072 1117 3134 gramma-

106 3157 203 3221 ticam
221 3155 272 3219 vel
290 3151 529 3239 palaestricam)
549 3153 668 3238 doceat,
692 3157 801 3217 tamen
819 3155 859 3217 ad
877 3154 1117 3238 philosophiam

105 3329 163 3365 non
182 3310 252 3363 satis
271 3310 409 3381 dispicere
427 3328 548 3381 possum.
582 3310 637 3364 Sed
655 3327 720 3380 pag.
735 3310 822 3365 XLIV
842 3311 876 3364 de
890 3309 1048 3364 Metrodoro
1069 3309 1117 3378 agi

105 3402 188 3469 put0;
213 3400 247 3454 cf.
261 3417 358 3469 papyr.
374 3406 424 3454 821
445 3399 496 3454 col.
512 3398 618 3452 XXXII
636 3401 665 3453 et
682 3416 747 3469 pag.
763 3406 814 3454 239
827 3416 896 3466 sqq,
915 3413 988 3465 quae
1002 3396 1117 3465 quidem

106 3488 262 3558 disputatio
280 3488 346 3542 huie
364 3486 515 3558 persimilis
534 3490 584 3542 est.
