2356 3884
515 220 729 274 „IX-

110 371 288 458 ῥητορικὴν
306 368 461 434 videatur.
485 367 670 434 Inauditum
684 373 742 454 est,
758 370 844 454 quod
859 393 889 454 p.
907 370 980 456 185,
994 372 1126 437 24-26

108 478 242 564 legitur:
273 476 425 563 καθάπερ
453 475 517 559 ἐγὼ
545 471 607 561 μὲν
634 477 762 543 τούτων
789 477 895 542 πολλὰ
917 479 1048 560 κάγαθὰ
1071 498 1126 542 πε-

108 579 218 668 ποίηκ’
250 584 351 660 αὐτὸς
383 582 439 668 (so.
469 581 585 661 λέξεως
612 580 797 670 καχεξίαςῑ).
843 582 985 647 Litterae
1018 587 1126 648 tamen

110 712 260 776 magnae,
287 687 456 774 pulchrae,
484 688 653 754 distinctae
682 692 771 774 sunt,
798 688 832 753 in
856 688 883 754 Ο
911 694 1019 755 autem
1047 690 1126 754 satis

114 798 303 882 discrepant.
349 793 413 862 Sed
442 796 590 881 graviora
616 795 804 860 adscribam.
851 795 1039 880 Quicunque
1066 795 1126 860 XI²

111 903 164 969 fol.
186 904 361 970 126—128
390 901 582 986 inspexerit,
609 923 691 986 quae
715 902 845 987 quidem
868 902 947 967 folia
969 902 1125 967 continui·

112 1010 189 1074 tatis
217 1008 360 1094 speciem
385 1009 557 1093 praebent,
584 1030 651 1073 non
673 1008 767 1075 facile
791 1009 829 1073 de
853 1009 1125 1074 contaminatione

111 1114 340 1200 suspicabitur.
391 1114 547 1180 Attamen
575 1115 646 1180 folii
679 1117 741 1181 126
772 1138 847 1200 pars
877 1116 1025 1200 superior
1055 1139 1126 1180 con·

112 1222 202 1310 gruit
223 1244 298 1287 cum
320 1242 394 1308 pag.
415 1225 435 1288 9
459 1221 528 1287 eius
546 1221 728 1305 voluminis,
752 1223 838 1306 quod
856 1221 931 1309 περὶ
951 1224 1127 1309 ῥητορικῆς

112 1330 384 1414 ὑπομνηματικὸν
411 1328 614 1412 inscribitur,
644 1349 719 1412 pars
745 1328 880 1394 inferior
907 1352 980 1395 cum
1007 1329 1126 1413 ὑπομν.

112 1458 186 1521 pag.
219 1436 253 1500 51
290 1435 433 1520 itemque
466 1433 537 1499 folii
571 1435 633 1500 128
667 1456 742 1519 pars
774 1435 921 1520 superior
952 1435 1127 1520 respondet

111 1543 231 1626 ὑπομν.
254 1563 328 1627 pag.
348 1544 403 1625 11,
426 1562 502 1625 pars
525 1540 659 1607 inferior
681 1543 801 1626 ὑπομν.
825 1564 899 1628 pag.
921 1544 975 1608 10!

179 1647 316 1732 Saepius
343 1647 472 1733 accidit,
500 1652 537 1711 ut
560 1648 742 1734 fragmenta
764 1671 870 1713 errore
895 1648 946 1714 bis
970 1649 1127 1714 describe-

112 1758 231 1819 rentur.
279 1752 431 1819 Oonferas
455 1775 574 1838 quaeso

214 1858 290 1925 11Πῖ
312 1860 366 1924 fol.
387 1862 439 1945 38,
461 1861 499 1925 fr.
520 1862 540 1924 6
582 1865 618 1942 ,et
662 1859 738 1926 Vfl²
761 1860 816 1926 fol.
835 1863 888 1946 42,
910 1861 947 1927 fr.
969 1863 1019 1927 12.

271 1984 363 2032 αισιν
687 1968 692 1978 ’
736 1970 917 2035 u...doot

273 2091 379 2138 ιτιστα
736 2093 829 2139 nom

272 2203 327 2263 eye
342 2228 349 2244 .
363 2205 385 2244 υ
734 2203 804 2261 ayo
819 2227 826 2244 .
841 2205 862 2244 v
939 2225 940 2229 ,

273 2303 399 2351 occano
735 2290 838 2351 ovata

272 2393 423 2458 πασάδσ
733 2411 861 2458 accras

272 2520 396 2584 νπαραι
731 2519 883 2587 aucupato

274 2607 407 2671 ονεπιὸε
730 2610 868 2672 musarde

274 2714 435 2778 τωνειὸοσ
729 2715 894 2786 τωνσιδοσ

276 2835 454 2903 zovenano
730 2837 871 2906 ουσηστο

273 2926 443 2990 'sudumst
727 2928 914 2991 ’κυὸαινθα

273 3052 460 3096 καιταυτειν
727 3056 845 3099 aceruo
860 3057 903 3114 ‚p
955 3057 957 3062 ·

180 3133 246 3200 Vix
276 3137 391 3203 melius
425 3159 521 3221 quam
552 3139 613 3203 hoo
646 3139 794 3224 exemplo
827 3139 982 3206 illustrari
1015 3141 1129 3225 possit,

112 3264 213 3328 quam
235 3240 358 3306 incerta
377 3266 536 3329 quamque
556 3244 666 3331 exigui
685 3245 782 3329 pretii
801 3245 879 3310 talia
898 3245 972 3330 sint,
996 3268 1069 3313 cum
1087 3269 1127 3310 ne

111 3370 198 3414 unus
222 3348 351 3432 quidem
374 3373 485 3416 versus
504 3351 600 3436 plane
620 3357 784 3437 congruat.
821 3350 884 3418 Sed
903 3350 1004 3416 multo
1024 3352 1128 3438 magis

112 3454 320 3539 admiramur,
344 3457 429 3540 quod
452 3481 483 3542 p.
503 3458 577 3541 225,
601 3456 658 3520 ubi
682 3458 719 3521 fr.
741 3460 757 3521 1
784 3461 816 3520 et
840 3457 861 3521 5
884 3455 1033 3521 similiter
1056 3480 1128 3522 con·

112 3566 246 3650 gruunt,
270 3561 407 3629 alterum
425 3563 563 3629 mediam
584 3566 710 3647 partem
729 3562 881 3652 paginae,
900 3562 1051 3628 atterum
1064 3563 1143 3624 ben-
