2356 3884
491 125 734 180 ..ΧῙΠ-

170 280 220 344 Dc
248 298 375 363 papyro
402 275 488 340 1004
512 306 554 327 =
577 273 636 338 ΠΡ
665 274 719 339 fol.
741 275 923 339 llo-209
951 274 1013 338 hoc
1040 272 1122 340 Nea-

104 385 246 472 politani
264 383 299 449 in
314 383 419 448 indice
434 380 633 446 adscribunt:
651 378 766 464 „huius
780 379 952 445 voluminis
966 380 1122 466 pagellae,

103 494 139 558 in
158 491 279 576 quibus
293 487 377 553 nihil
390 488 456 552 fere
471 486 600 573 legitur,
619 485 785 572 neglectae
800 487 941 572 fuerunt,
959 486 998 550 dc
1013 509 1123 552 carum

102 619 240 665 numero
269 599 397 661 tantum
420 593 544 658 ratione
567 592 708 658 habitat
753 592 798 657 Et
820 615 896 658 vero
919 593 1054 658 miserae
1076 594 1123 658 la-

106 704 209 770 ciniae
232 707 317 786 sunt,
340 722 421 786 quae
445 704 575 765 centum
593 698 681 764 foliis
699 704 935 785 proponuntur,
958 721 1031 765 cum
1051 705 1123 765 octo

105 809 256 896 paginae,
274 829 354 893 quas
368 806 468 893 Angli
488 806 713 891 depinxcrrmt,
732 806 825 872 facile
845 806 972 890 possint
985 806 1122 871 restitui.

124 1069 174 1124 De
196 1069 315 1123 textus
337 1064 565 1134 voluminum,
589 1064 701 1135 qualis
725 1063 806 1120 olim
829 1063 936 1121 fuisse
958 1064 1106 1133 videtur,

416 1171 526 1227 forma
550 1172 585 1228 ot
608 1170 818 1228 condicione.

176 1303 252 1372 Non
270 1303 388 1368 mirum
407 1307 456 1368 est
474 1302 578 1368 inhia
597 1302 775 1369 combustis
793 1303 927 1389 papyris
945 1303 1127 1368 litterarum

109 1411 249 1497 vestigia
266 1409 363 1488 nimis
383 1409 481 1475 dubia
500 1413 533 1474 et
551 1409 637 1475 fluxa
656 1431 733 1475 esse.
771 1409 892 1475 Tamen
911 1410 966 1495 qui
985 1408 1126 1492 primum

107 1519 190 1582 haec
207 1516 371 1582 volumina
390 1516 554 1599 evolverit,
575 1537 616 1580 ne
636 1516 855 1602 suspicabitur
873 1517 1011 1603 quidem,
1030 1538 1127 1600 quam

111 1625 233 1689 incerta
256 1623 307 1689 via
331 1623 516 1689 emendator
538 1623 673 1688 incedat.
711 1623 803 1701 Quod
826 1624 910 1689 cadit
933 1623 1072 1687 maxime
1094 1624 1128 1687 in

113 1731 295 1817 fragmenta
317 1728 391 1793 voll.
409 1727 581 1794 VP-XF.

179 1835 363 1921 Proponam
387 1857 412 1899 c.
432 1858 462 1921 g.
481 1834 525 1899 V2
544 1834 597 1899 fol.
618 1836 674 1920 83,
697 1838 734 1901 fr.
757 1838 806 1902 12.

299 1957 402 2043 Neap.
814 1959 915 2025 Oxon.

113 2067 549 2152 ..δυ...περια.λοι..τ
648 2103 688 2112 -
713 2071 919 2130 colescere

137 2196 193 2237 ,τε
208 2195 313 2237 ..κα.
330 2188 493 2237 cooeva
508 2221 514 2236 .
530 2194 551 2234 α
650 2207 687 2216 -
714 2175 909 2254 γινορθωσα

116 2279 451 2362 ...praeamara
467 2327 474 2342 .
490 2327 519 2343 ..
651 2315 689 2325 —
713 2260 809 2342 Ιτοδίο
825 2328 832 2344 .
847 2330 853 2342 .
868 2285 998 2364 pectre

136 2436 143 2448 .
159 2434 166 2448 .
181 2435 187 2448 .
202 2405 312 2450 revoca
327 2436 333 2450 .
348 2433 355 2450 .
371 2433 379 2450 .
394 2434 401 2449 .
416 2408 433 2449 c
449 2433 456 2448 .
471 2408 557 2448 α...
650 2424 690 2432 -
715 2408 940 2470 νειναικαταγι

116 2538 123 2554 .
138 2540 144 2553 .
161 2540 167 2554 .
183 2540 190 2554 .
205 2513 242 2555 εα
257 2541 263 2556 .
278 2507 406 2556 coerce
420 2541 426 2555 .
442 2511 529 2575 ραπ.
650 2530 691 2539 -
715 2492 969 2578 procuramur

114 2619 385 2662 .....αι.τωνα
400 2647 406 2661 .
421 2602 503 2661 troc.
653 2635 690 2645 -
717 2599 880 2664 δενειστοι
895 2648 902 2663 .
917 2603 964 2664 tro

115 2727 270 2767 .....υ
290 2754 296 2766 .
317 2753 323 2766 .
343 2727 377 2767 ιν
396 2755 403 2767 .
423 2704 568 2767 clavero.
653 2741 690 2750 -
716 2722 1066 2788 υνεργουντι..εσικα

115 2855 147 2872 ..
169 2830 229 2872 υνε
253 2858 260 2873 .
280 2859 286 2873 .
309 2830 350 2873 τα
373 2858 569 2876 ........

117 2937 228 2977 ....υ
243 2963 338 2978 .....
353 2931 464 2980 coccae
478 2965 507 2980 ..
655 2953 692 2963 -
718 2923 1027 3001 υντοισομοιοισελ.

117 3027 487 3086 .....σι.υα.καθοσ
502 3072 508 3085 .
525 3044 562 3086 νε
656 3059 693 3067 -
720 3025 842 3101 ιζεινκα
857 3073 863 3086 .
879 3029 1008 3089 αθοσον

117 3173 124 3188 .
142 3175 148 3187 .
163 3128 307 3206 ναλεγοσ
320 3175 327 3189 .
342 3147 403 3191 cccv
418 3177 425 3191 .
440 3150 476 3191 το
653 3163 695 3172 —
720 3130 895 3212 διαλεγεσσ
909 3178 917 3194 .
931 3150 1051 3193 cruror

117 3280 123 3292 .
140 3281 146 3293 .
163 3279 169 3293 .
184 3233 470 3317 crusspuxvlcrecpc
485 3284 492 3299 .
507 3285 513 3298 .
656 3269 693 3278 -
719 3237 911 3318 χταβραχυμ
926 3283 933 3296 .
948 3256 1006 3298 ατο

184 3351 247 3418 Sed
257 3353 354 3419 etiam
364 3356 398 3420 in
407 3357 545 3442 pristino
556 3359 649 3421 textu
659 3356 774 3420 menda
783 3356 914 3420 fuerunt
924 3354 1028 3444 (velut
1038 3360 1090 3443 51,
1102 3365 1134 3445 13

118 3459 234 3546 18⁷,43
247 3461 322 3548 211,
332 3459 397 3550 18),
407 3486 603 3549 quamquam
612 3482 743 3546 perrara
753 3461 1030 3544 deprehendimus.
1049 3466 1135 3534 Nam
