2356 3884
490 155 691 207 ,Χ-

81 307 167 370 tram
190 309 317 388 partem
340 303 458 386 explet.
497 302 557 379 Qui
581 305 642 368 hoc
665 304 735 369 fieri
759 304 889 389 potuit?
925 304 972 371 Ut
991 307 1099 372 brevis

80 411 151 496 sim,
173 409 382 495 Neapolitani
407 409 433 473 si
453 431 516 496 qua
536 409 652 496 exigua
671 411 809 476 frustula
828 414 1003 498 habebant,
1026 412 1098 477 istis

82 516 229 599 reliquiis
248 516 427 603 marginem
446 515 645 602 addiderunt,
669 539 750 601 quae
770 519 910 603 deerant,
934 524 1098 604 tamquam

83 624 264 688 ornamenti
295 623 400 709 gratia
428 624 670 707 compleverunt
699 628 731 687 et
758 623 792 687 in
820 625 965 711 integrae
996 649 1098 710 paene

82 730 220 816 paginae
235 727 376 813 speciem
390 728 591 814 redegerunt.
611 727 750 792 Evolvas
765 728 934 811 quodlibet
948 731 1099 796 volumen

82 836 281 901 collectionis
305 835 437 899 alterius
461 832 537 921 (vol.
551 831 712 920 Vl-XI),
735 856 799 918 quo
823 834 1005 919 fragmenta
1025 858 1096 900 con-

82 943 254 1007 tineantur.
285 942 368 1007 'Mox
392 940 535 1006 invenies
554 941 744 1026 fragmenta,
768 962 849 1024 quae
868 962 908 1005 ex
928 939 1029 1005 altera
1047 943 1099 1005 vel

80 1071 121 1112 ex
151 1053 288 1132 utraque
319 1052 411 1131 parte
442 1047 581 1112 contrita
611 1050 720 1112 tamen
748 1046 893 1132 margine
923 1046 1032 1112 addito
1063 1048 1096 1111 in

80 1155 222 1238 speciem
259 1154 419 1238 quandam
456 1152 653 1238 integritatis
688 1153 799 1217 relicta
831 1158 914 1218 sunt.
969 1153 1097 1239 Damae,

81 1283 213 1346 quaeso,
246 1283 327 1345 quae
360 1260 540 1346 marginem
573 1259 727 1324 efficiant:
760 1259 978 1325 additamenta
1008 1264 1097 1324 sunt:

79 1367 173 1431 facile
193 1389 230 1430 ea
250 1365 374 1431 fissuris
394 1366 587 1450 quibusdam
605 1366 813 1451 internosces,
832 1365 951 1449 quibus
969 1364 1097 1449 Neapo-

79 1473 198 1538 litanos
222 1473 440 1537 additamenta
463 1493 520 1536 sua
544 1470 725 1557 significare
748 1470 888 1535 voluisse
907 1475 997 1555 puto.
1033 1469 1096 1555 Op·

81 1579 159 1644 time
182 1582 244 1645 hoc
268 1601 370 1665 genus
394 1578 506 1643 edendi
530 1577 711 1643 illustratur
729 1576 805 1641 ΥΠ2
828 1577 882 1642 fol.
904 1579 967 1643 170
986 1577 1023 1640 fr.
1046 1579 1096 1660 11,

82 1689 131 1752 10.
163 1687 306 1752 Litterae
324 1685 463 1750 mediam
482 1684 635 1771 paginam
653 1683 813 1748 obtinent,
843 1683 979 1769 Legitur
996 1707 1024 1747 v.
1042 1685 1096 1747 10:

81 1796 278 1876 malatestae,
306 1797 343 1857 ut
371 1792 431 1855 sub
459 1791 570 1855 littera
594 1808 614 1856 σ
636 1796 792 1875 appareat
814 1790 946 1875 lineola,
974 1789 1096 1855 scilicet

80 1900 210 1985 signum
232 1897 513 1983 interpunctionis
536 1897 623 1982 quod
646 1897 739 1962 initio
758 1919 909 1963 versuum
929 1896 1094 1981 subiungi-

79 2011 140 2070 tur.
190 2003 470 2089 Deprehendimus
497 2004 599 2091 igitur
626 2003 779 2090 paginam
808 2005 985 2091 sinistram,
1013 2025 1094 2087 quae

79 2112 183 2176 media
206 2111 377 2195 proposita
401 2109 491 2198 est.¹)

145 2216 346 2303 Apographa
357 2216 552 2282 Oxoniensia
566 2220 607 2282 ab
618 2219 805 2284 hominibus
814 2219 945 2304 linguae
956 2216 1094 2282 Graecae

79 2324 189 2389 insciis
217 2328 249 2387 et
278 2345 314 2387 eo
342 2327 489 2405 tempore
519 2325 677 2407 confecta,
706 2346 769 2407 quo
794 2324 971 2407 integriora
994 2322 1094 2385 fuisse

79 2433 228 2496 videntur
253 2428 431 2511 volumina,
458 2428 552 2491 modo
576 2426 755 2512 meliorem,
783 2428 878 2492 modo
903 2425 1094 2490 deteriorem
1121 2417 1124 2421 ’

79 2543 206 2603 textum
225 2536 388 2620 exhibent,
407 2534 597 2619 plerumque
616 2538 724 2598 autem
743 2532 929 2617 pleniorem.
953 2530 1092 2595 Versum

81 2645 235 2709 omissum
263 2666 332 2708 esse
357 2664 422 2707 uno
446 2644 573 2705 tantum
595 2639 665 2703 loco
689 2636 821 2703 memini
844 2639 879 2702 in
901 2639 1094 2721 ὑπομνημα-

80 2762 158 2840 sango
184 2752 242 2816 col,
261 2752 318 2836 40,
342 2748 429 2834 quod
451 2747 485 2812 in
507 2748 540 2814 N
564 2745 692 2830 saepius
716 2744 839 2810 accidit.

155 3052 181 3118 1)
207 3049 287 3114 Quod
310 3048 368 3102 iam
386 3047 494 3102 Kemke
519 3050 548 3102 et
565 3045 709 3100 Hausrath
730 3044 761 3098 in
783 3043 864 3098 libris
885 3045 919 3099 de
938 3042 1046 3098 musica
1065 3046 1094 3096 et

80 3137 115 3191 de
134 3137 274 3206 poematis
294 3138 377 3192 editis
396 3138 567 3192 notaverunt
585 3134 704 3205 paginas
724 3134 877 3202 diremptas
898 3136 927 3188 et
940 3133 1012 3186 falso
1027 3149 1092 3186 con-

80 3225 240 3296 taminatas,
259 3227 289 3280 in
307 3224 410 3280 nostris
430 3241 541 3294 quoque
559 3223 639 3280 libris
660 3224 763 3279 accidit
783 3223 859 3278 velut
876 3222 959 3277 initio
979 3222 1089 3290 libriV,

80 3315 155 3382 quod
174 3315 293 3384 singulis
311 3313 382 3370 locis
402 3313 546 3383 adscripsi
