2356 3884
455 154 631 208 —XXVI
681 182 718 191 —

77 305 202 371 lustret.
238 305 324 371 Nam
343 305 398 388 qui
418 328 449 388 p.
464 306 517 388 47,
533 306 705 388 14-68,1
728 304 876 389 citantur,
895 328 1005 371 omnes
1025 329 1094 372 esse

78 411 258 494 Epicureos
285 414 425 495 constat,
453 411 529 495 quia
553 411 670 476 horum
693 411 872 476 sententiae
895 411 935 475 ad
958 411 1094 496 Epicuri

78 537 225 582 normam
249 540 359 583 omnes
383 516 615 582 examinantur.
654 515 798 602 Cumque
822 540 1029 604 quaecunque
1053 521 1094 584 ab

80 623 153 689 aliis
185 624 251 688 sive
284 622 489 708 philosophis
522 624 588 689 sive
620 623 791 688 rhetoricis
820 625 984 709 disputata
1012 631 1096 713 sunt,

79 730 273 796 rhetoricam
296 735 399 795 artem
422 752 490 795 esse
514 735 570 796 aut
590 733 711 815 negent
730 734 786 794 aut
805 731 956 816 probent,
978 733 1096 819 viginti

78 837 144 900 fere
174 836 226 900 vel
257 837 367 921 plures
400 837 498 902 etiam
530 837 669 921 ,,1όγοι“
701 836 753 901 vel
785 835 1011 921 „c'rrro‹ler*5ec3“
1044 839 1108 910 vel,

79 943 249 1026 ,,πίοτεις“
276 947 495 1028 recensentur,
528 943 647 1027 quibus
674 941 868 1007 rhetoricam
895 948 998 1008 artem
1026 966 1095 1008 esse

78 1054 229 1134 negetur,
266 1071 336 1134 sex,
369 1050 488 1134 quibus
521 1049 719 1114 defendatur.
773 1049 956 1115 Philodemi
988 1053 1096 1114 autem

78 1155 161 1219 ratio
190 1176 227 1218 ea
255 1160 317 1240 est,
345 1159 382 1220 ut
408 1155 489 1240 ipsis
513 1159 681 1221 auctorum
704 1153 813 1220 verbis
836 1153 1015 1239 propositis
1039 1177 1096 1221 sua

80 1260 206 1346 adiciat,
230 1261 329 1326 semel
352 1261 451 1327 etiam
474 1261 671 1347 praemittat.
679 1259 704 1349 ¹)
742 1259 795 1327 Sic
814 1260 900 1326 enim
918 1261 999 1326 illud
1018 1260 1096 1327 δέον

79 1368 256 1433 intravero
278 1372 493 1455 προρρήσεως
515 1367 571 1434 καὶ
594 1368 795 1456 ἐπιρρήοεως
818 1370 874 1452 31,
898 1371 914 1432 1
939 1367 1095 1453 interpre-

79 1475 213 1539 tandum
236 1478 294 1538 cst.

146 1582 207 1646 His
235 1584 343 1646 autem
366 1580 448 1665 ipsis
471 1584 582 1663 λόγοις
604 1602 671 1645 non
693 1580 796 1646 multa
819 1578 1028 1646 antecessisse
1051 1579 1095 1644 vi-

80 1688 203 1752 dentur.
251 1688 450 1772 Quamquam
474 1687 560 1752 enim
583 1692 833 1753 consentaneum
857 1691 905 1752 est
929 1707 1016 1768 eum,
1040 1684 1095 1769 qui

82 1795 119 1857 de
153 1795 313 1860 rhetorica
346 1794 525 1878 scripturus
558 1793 617 1878 sit,
654 1793 857 1858 definitiones
888 1791 960 1857 illas
991 1791 1096 1856 varias

79 1901 176 1966 huius
200 1902 279 1967 artis
302 1921 476 1984 recensere,
499 1904 607 1965 tamen
629 1898 949 1985 X1²,99er1X2,99
974 1895 1028 1986 (cf.
1040 1897 1096 1984 X²,

82 2005 161 2094 153)
189 2008 222 2071 id
250 2007 285 2072 in
312 2006 449 2093 singulis
476 2009 589 2089 λόγοις
616 2010 781 2090 tamquam
804 2005 973 2072 subseciva
997 2027 1095 2089 opera

80 2117 201 2181 factum
234 2137 302 2180 esse
334 2113 470 2179 videtur.
520 2112 571 2178 Ibi
605 2112 691 2178 enim
718 2135 801 2197 opus
828 2110 1007 2177 rhetoricae
1035 2121 1094 2176 τοῦ

80 2225 212 2285 πείθειν
226 2246 275 2297 τις
291 2222 432 2304 δύναμις
445 2223 505 2286 τὸν
519 2219 686 2306 ἀκροατὴν
709 2219 861 2284 definitur
884 2224 917 2283 et
935 2217 1009 2282 finis
1028 2217 1096 2282 eius

80 2329 117 2390 τὸ
147 2329 224 2401 τοὺς
252 2325 491 2410 ἐνδεχομένους
518 2328 565 2401 εἰς
591 2327 632 2391 τὰ
658 2328 874 2411 προβλήματα
900 2328 1020 2408 λόγους
1043 2323 1097 2388 εὑ-

81 2429 185 2517 erist)
209 2429 333 2494 dicitur.
349 2466 389 2476 ·—
405 2428 474 2496 Nec
498 2429 536 2492 de
561 2430 730 2494 cunabulis
749 2435 782 2495 et
801 2431 998 2495 incremento
1017 2428 1096 2492 artis

81 2540 179 2620 caput
202 2533 415 2620 praemissum
439 2557 506 2600 esse
527 2533 654 2600 Coracis
678 2541 710 2601 et
728 2534 944 2620 Antiphontis
965 2534 1097 2600 nomina

80 2642 149 2729 De,
179 2645 240 2709 111
275 2642 404 2708 laudata
436 2642 516 2708 mihi
548 2643 740 2727 persuadere
768 2647 954 2727 potuerunt.
1005 2641 1097 2719 Quod

81 2749 218 2831 denique
234 2747 381 2834 Gorgiae,
399 2747 559 2834 Isocratis,
577 2749 701 2834 Lysiae,
721 2749 776 2834 qui
795 2750 847 2814 his
866 2751 1096 2832 successerunt,

80 2853 148 2938 XF,
163 2856 204 2920 96
229 2855 350 2919 mentio
374 2856 421 2939 fit,
444 2855 505 2919 hoc
525 2878 652 2940 quoque
671 2855 705 2919 in
724 2855 832 2939 aliquo
852 2855 958 2939 capite
977 2853 1096 2940 attingi

81 2961 184 3047 magis
209 2983 305 3044 quam
328 2984 387 3045 per
411 2984 444 3026 se
468 2962 600 3027 tractari
619 2967 709 3046 puto.
746 2960 841 3026 Falso
862 2961 956 3046 enim,
980 2962 1095 3046 inquit,

80 3067 227 3134 nonnulli
251 3072 470 3151 exposuerunt
493 3067 567 3134 illos
584 3069 707 3134 nullam
731 3090 764 3132 se
789 3068 956 3133 scientiam
974 3068 1095 3132 habere

80 3177 243 3259 professos
267 3196 344 3238 esse.

150 3339 163 3386 1
196 3332 231 3388 ef.
250 3352 277 3402 p.
293 3338 335 3403 ra,
356 3337 471 3400 29-44,
493 3337 533 3388 rc.

152 3428 167 3476 2
202 3421 282 3475 Hanc
306 3420 501 3490 quaestionem
524 3437 554 3475 se
577 3420 744 3476 omissurum
769 3419 851 3488 dicit,
875 3417 943 3486 quia
965 3416 1038 3471 libro
1058 3416 1097 3470 IV

80 3525 142 3564 cam
174 3509 216 3564 uit
234 3512 415 3566 tractaturus.
