2356 3884
395 155 733 210 ..„XXX1..

83 305 232 391 pertinet
250 304 304 370 fol.
320 307 372 388 91,
387 302 552 388 92,111Π2,
568 307 640 390 137,
659 303 727 391 1111,
741 308 793 391 41,
808 306 860 391 55,
875 306 927 390 56,
941 306 993 392 X2,
1008 307 1104 395 640)

10 487 12 490 y
83 412 154 498 XF,
182 413 255 478 108.

154 516 301 584 Secunda
315 517 425 600 thesis,
440 538 521 601 quae
536 518 571 582 in
584 540 709 602 papyro
727 518 908 584 167411111
922 518 975 607 (of.
989 520 1027 585 fr.
1039 519 1104 607 10),

83 627 164 692 talis
188 626 254 689 fere
277 624 377 689 luisse
400 623 540 689 videtur:
566 623 690 708 „Nocet
713 645 809 707 saepe
832 624 993 690 rhetorica
1015 648 1105 709 prae-

86 733 183 817 cipue
198 753 217 794 a
231 730 442 814 sycophantis
456 730 621 794 tractata.“
643 729 871 814 Respondetur
889 755 921 815 p.
939 735 988 818 19,
1008 755 1104 817 quam

86 838 169 906 satis
188 837 271 902 male
291 837 466 920 emendavi,
485 837 520 901 in
537 837 620 902 hanc
639 837 846 902 sententiam:
870 837 955 902 idem
973 838 1008 903 in
1026 840 1105 904 alias

85 966 217 1029 quoque
237 948 322 1009 artes
341 944 462 1028 cadere,
480 965 553 1008 cum
572 943 739 1009 architecti
758 943 882 1009 incuria
900 945 1014 1010 domus
1033 967 1105 1011 con-

86 1051 185 1135 cidat,
202 1050 254 1116 111
271 1072 386 1115 navem
400 1049 516 1134 perdat
529 1049 633 1114 malus
647 1050 857 1135 gubernator,
875 1051 927 1116 111
940 1052 1104 1117 hominem

87 1157 214 1222 occidat
236 1157 387 1221 medicus
414 1194 452 1204 —

155 1261 224 1328 Iam
242 1263 345 1346 facile,
364 1283 445 1346 quae
464 1265 644 1345 sequuntur
657 1261 911 1327 adversariorum
926 1264 1105 1328 sententiae

86 1368 264 1435 internosci
288 1372 438 1453 possunt,
464 1367 616 1453 quoniam
640 1368 708 1432 sine
732 1369 899 1452 particulis
922 1392 982 1453 per
1005 1369 1105 1436 ἀσύν-

86 1479 187 1542 δετον
210 1479 446 1559 proponuntur.
491 1473 529 1540 In
552 1496 615 1559 quo
639 1498 671 1559 p.
690 1477 747 1559 42,
771 1477 855 1541 5111
878 1476 1013 1540 verbum
1037 1475 1104 1559 qui-

87 1582 163 1647 dem
186 1582 358 1667 participio
382 1581 529 1647 subiecit.

156 1686 297 1775 Tertial)
329 1687 431 1774 igitur
464 1687 629 1766 ἀπόδειξις
660 1712 692 1773 p.
723 1691 778 1773 19,
814 1691 942 1755 12-18
975 1688 1104 1774 legitur,

86 1799 169 1879 puto
198 1816 299 1879 usque
327 1795 368 1858 ad
394 1795 530 1860 verbum
559 1796 774 1873 διαλεκτικόςε
806 1796 897 1861 locus
920 1795 1006 1861 enim
1029 1798 1105 1861 sub-

87 1902 246 1967 obscurus
273 1905 331 1966 est.
378 1900 458 1966 Cum
485 1900 545 1965 hac
569 1901 841 1967 demonstratione
865 1903 1008 1968 eiusdem
1031 1925 1101 1967 auc·

86 2007 169 2072 toris
193 2008 352 2072 sententia
376 2009 428 2092 20,
447 2010 566 2092 9-21,
587 2010 628 2073 14
652 2008 875 2094 coniungenda
899 2014 955 2072 est.

156 2112 276 2189 Quarta
299 2113 459 2178 sententia
478 2145 520 2167 =
540 2114 592 2193 23,
610 2114 730 2195 4-24,
753 2115 808 2196 11,
831 2113 950 2195 quibus
975 2113 1104 2197 quidem

86 2219 198 2286 verbis
220 2218 427 2285 Philodemus
451 2222 508 2303 24,
527 2220 659 2284 26-33
682 2218 831 2302 inseruit,
854 2218 888 2282 ni
912 2219 1014 2284 fallor.

157 2325 275 2402 Quinta
299 2326 459 2391 sententia
479 2358 521 2379 =
541 2326 598 2410 25,
618 2327 758 2392 32-35.

156 2431 255 2497 Sexta
286 2433 447 2501 sententia
472 2463 514 2485 =
533 2434 591 2517 26,
616 2434 760 2498 19-261
792 2441 855 2511 πᾶς
886 2436 1034 2518 τεχνίτης
1063 2471 1104 2479 -

87 2541 189 2625 ἔργον
213 2538 337 2619 [rhetor
357 2543 467 2603 tamen
486 2542 652 2603 accusatus
670 2561 737 2603 non
754 2538 825 2622 ipse
844 2561 878 2603 se
898 2539 1030 2622 expedit
1048 2540 1105 2603 sed

87 2646 129 2710 ad
155 2648 329 2729 patronum
352 2667 386 2709 se
409 2645 558 2726 confert}
604 2643 694 2708 Talia
718 2645 803 2709 enim
827 2644 989 2709 exstitisse
1012 2646 1105 2727 puto,

88 2751 209 2836 quibus
228 2752 382 2817 concinne
401 2751 628 2835 respondetur:
647 2751 756 2835 itaque
776 2751 874 2816 etiam
893 2752 931 2815 de
946 2751 1105 2816 medicina

88 2858 324 2942 desperandum
357 2861 418 2942 est,
451 2857 478 2921 si
510 2856 652 2922 medicus
682 2858 796 2921 morbo
826 2857 1013 2940 implicatus
1040 2879 1105 2920 non

87 2964 159 3048 ipse
184 2963 248 3028 sibi
272 2964 438 3028 medeatur
461 2963 517 3027 sed
539 2961 681 3046 peritum
705 2962 858 3026 adhibeat
881 2962 1046 3047 collegam.

156 3069 303 3154 Septima
326 3069 487 3135 sententia
506 3100 548 3122 =
568 3070 620 3151 27,
639 3069 757 3134 6-15.
866 3093 868 3096 ·

155 3174 300 3262 Primal)
337 3175 487 3259 deinceps
524 3175 771 3258 demonstratio,
813 3196 876 3258 qua
912 3171 1106 3236 rhetoricam

86 3321 303 3331 ,...----

162 3425 190 3492 1)
209 3421 248 3478 of.
267 3440 295 3492 p.
310 3428 335 3490 6,
350 3426 392 3476 25.

161 3515 190 3582 2)
208 3510 402 3566 Anaximenes
421 3512 476 3581 est,
496 3507 530 3564 11.
548 3506 601 3562 HV
620 3503 680 3571 IV¹,
700 3503 747 3558 fol.
764 3510 788 3557 2.
