2356 3884
472 149 712 203 -XX1...

83 305 115 366 et
144 321 262 388 genere
290 299 472 382 praefatum
500 319 576 362 esse.
622 296 720 364 Artes
748 301 856 363 autem
879 297 964 362 inter
988 319 1021 362 se
1045 297 1102 362 dif-

80 408 165 472 ferre
198 405 377 489 contendit,
409 403 488 468 31133
520 425 580 487 per
609 425 643 467 se
670 404 759 488 ipsas
787 407 885 488 stare,
916 425 975 468 nec
1003 403 1101 469 ullius

83 513 215 579 omnino
244 510 483 576 exercitationis
506 509 664 596 indigere,
692 510 771 576 31133
794 533 855 576 333
879 515 911 576 31
935 514 1102 575 consuetu-

82 619 158 684 dine
177 617 344 701 contineri,
363 617 442 682 alias
461 616 585 703 ingenii
604 617 741 701 quadam
759 617 915 682 felicitate
932 614 1004 699 niti,
1022 615 1101 679 alias

83 724 222 808 denique
246 723 340 788 311131
363 723 499 808 misceri,
522 723 637 789 harum
661 745 759 806 opera
782 723 822 787 ad
846 723 985 788 artifices
1004 722 1102 805 perti-

81 852 159 896 nere
187 829 287 914 solos,
314 829 443 906 illarum
471 829 569 895 etiam
598 829 639 894 ab
668 828 709 893 iis
736 827 863 913 perfici,
890 827 947 912 qui
970 827 1102 892 artificis

84 934 215 1001 nomine
239 938 368 1000 careant
391 931 443 1021 (fr.
463 933 518 1017 IV,
536 931 590 1020 Π).
636 933 892 999 Recensentibus
916 938 1033 1017 autem,
1056 934 1102 999 in-

84 1041 165 1126 quit,
188 1061 308 1124 eorum,
327 1040 383 1124 qui
402 1039 441 1103 de
460 1040 620 1106 rhetorica
639 1040 846 1126 scripserunt,
864 1039 994 1106 libellos
1012 1041 1101 1106 13113

83 1147 238 1214 vitiorum
261 1167 381 1232 genera
403 1150 582 1211 occurrunt.
619 1145 719 1210 Velut
743 1150 859 1229 errant,
884 1146 939 1230 qui
964 1168 1003 1210 ex
1027 1147 1101 1212 arti·

84 1254 146 1319 bus
173 1274 336 1317 removere
364 1251 514 1336 cupiunt,
542 1251 568 1316 si
597 1273 660 1336 qua
688 1251 812 1336 proprii
840 1251 962 1336 aliquid
990 1254 1103 1318 afferat

84 1364 117 1424 et
144 1359 206 1424 hoc
234 1359 274 1424 ad
297 1357 402 1443 ipsam
425 1362 544 1442 putant
567 1357 729 1443 pertinere
752 1359 953 1425 rhetoricam.
991 1359 1043 1447 (fr.
1062 1357 1102 1444 Ι),

82 1503 128 1515 -
147 1464 208 1543 Qui
231 1465 426 1531 rhetoricam
448 1465 489 1528 ab
514 1463 586 1530 31113
609 1465 763 1530 doctrinis
786 1465 838 1530 vel
861 1465 986 1530 artibus
994 1462 1020 1551 ¹)
1044 1464 1102 1529 dif-

84 1574 167 1638 ferre
194 1572 323 1655 volunt,
353 1593 420 1636 non
446 1571 536 1637 illam
563 1577 666 1637 artem
694 1594 763 1637 esse
790 1577 925 1658 negant,
953 1572 1009 1637 sed
1035 1594 1102 1637 non

85 1679 187 1745 solam
218 1679 331 1763 utique
364 1678 404 1743 ad
430 1679 528 1743 finem
556 1700 650 1744 suum
677 1678 859 1764 pervenire,
891 1678 989 1743 immo
1018 1678 1100 1742 alius

86 1807 212 1869 quoque
232 1785 311 1850 artis
330 1784 450 1849 auxilio
469 1784 531 1849 niti
546 1806 642 1868 posse
657 1785 855 1851 contendunt
874 1781 995 1871 (p.I,H
1007 1780 1106 1870 init).v

85 1890 122 1955 Id
144 1913 219 1956 vero
246 1891 280 1955 in
303 1891 397 1956 libris
420 1890 673 1957 adversariorum
696 1891 912 1957 miserrimum
935 1913 1037 1978 genus
1056 1912 1103 1956 er-

86 2103 244 2186 cinantur,
267 2125 344 2168 usus
367 2101 418 2168 vel
442 2102 638 2167 contrarium
660 2101 766 2185 possit
784 2102 937 2185 probare,
959 2101 1103 2165 minime-

85 2232 148 2295 que
168 2210 208 2274 ab
228 2209 423 2276 illis'eorum
443 2208 553 2293 opinio
572 2207 785 2295 redarguitur,
804 2208 859 2292 qui
878 2213 1005 2292 partem
1024 2208 1103 2273 artis

86 2317 127 2381 ab
157 2317 346 2401 imperfecto
375 2315 496 2381 artifice
520 2315 620 2399 recipi
643 2338 739 2402 posse
763 2319 955 2400 proponant.
1001 2316 1102 2381 Porro

86 2423 344 2508 vitiosissimum,
372 2423 399 2488 si
428 2422 483 2507 qui
511 2422 552 2487 ab
576 2423 641 2507 his,
670 2423 725 2508 qui
749 2427 876 2507 partem
899 2423 977 2487 artis
1001 2421 1103 2506 possi·

86 2530 173 2614 dent,
197 2530 302 2595 exorsi
325 2534 412 2595 totas
436 2529 586 2595 scientias
609 2531 803 2614 vituperant.
840 2530 998 2613 Prompta
1017 2529 1103 2593 enim

86 2636 230 2701 defensio
254 2641 311 2701 est.
347 2636 433 2702 Nam
457 2636 697 2720 persuadebunt
715 2637 861 2722 fortasse,
885 2636 941 2721 qui
960 2639 1103 2700 oratores

86 2763 155 2807 non
178 2745 263 2826 sunt,
286 2746 320 2807 31
343 2743 416 2826 ipsa
438 2743 583 2808 oratione
606 2743 863 2827 persuadendum
887 2745 948 2806 est:
971 2741 999 2806 is
1018 2741 1104 2806 enim

85 2846 160 2912 finis
198 2851 248 2912 est
277 2847 464 2914 rhetoricae.
514 2847 552 2914 In
580 2872 643 2933 quo
672 2848 864 2933 perridicule
892 2848 1104 2931 formositate,

86 2974 165 3019 auro
190 2957 248 3018 etc.
272 2954 407 3020 cuilibet
429 2956 615 3040 persuaderi
634 2978 729 3040 posse
748 2956 913 3040 profertur
930 2961 1019 3042 (pag.
1033 2952 1104 3040 ΠΙ).

87 3057 233 3146 Cumque
260 3060 424 3145 privatum
452 3062 596 3128 oratione
623 3062 785 3127 interdum
813 3060 1003 3145 persuadere
1032 3081 1104 3123 con·

87 3256 302 3267 -—---——

160 3414 188 3483 1)
212 3413 296 3483 Apud
314 3412 423 3470 Philod.
443 3415 589 3471 doctrinae
610 3416 640 3469 et
658 3411 727 3467 artis
745 3408 890 3466 notionem
908 3425 965 3464 non
983 3408 1104 3464 multum

87 3497 213 3572 differre,
232 3500 392 3558 illustratur
409 3521 436 3574 p.
453 3509 500 3576 75,
520 3511 623 3572 resqq.
