<?xml version="1.0" encoding="UTF-8"?>
<!DOCTYPE html PUBLIC "-//W3C//DTD XHTML 1.0 Transitional//EN"
    "http://www.w3.org/TR/xhtml1/DTD/xhtml1-transitional.dtd">
<html xmlns="http://www.w3.org/1999/xhtml" xml:lang="en" lang="en">
 <head>
  <title>
</title>
<meta http-equiv="Content-Type" content="text/html;charset=utf-8" />
  <meta name='ocr-system' content='tesseract 3.04.00' />
  <meta name='ocr-capabilities' content='ocr_page ocr_carea ocr_par ocr_line ocrx_word'/>
</head>
<body>
  <div class='ocr_page' id='page_1' title='image "./philodemivolumi00sudhgoog_0037.png"; bbox 0 0 2356 3884; ppageno 0'>
   <div class='ocr_carea' id='block_1_1' title="bbox 458 187 736 242">
    <p class='ocr_par' dir='ltr' id='par_1_1' title="bbox 458 187 736 242">
     <span class='ocr_line' id='line_1_1' title="bbox 458 187 736 242; baseline 0.004 -1"><span class='ocrx_word' id='word_1_1' title='bbox 458 216 500 226; x_wconf 94' lang='lat'><strong>—-</strong></span> <span class='ocrx_word' id='word_1_2' title='bbox 545 187 650 242; x_wconf 88' lang='lat' dir='ltr'>XXXII</span> <span class='ocrx_word' id='word_1_3' title='bbox 698 216 736 224; x_wconf 94' lang='lat'><strong>—</strong></span> 
     </span>
    </p>
   </div>
   <div class='ocr_carea' id='block_1_2' title="bbox 78 337 1113 3610">
    <p class='ocr_par' dir='ltr' id='par_1_2' title="bbox 78 337 1104 634">
     <span class='ocr_line' id='line_1_2' title="bbox 78 337 1104 424; baseline 0.009 -27"><span class='ocrx_word' id='word_1_4' title='bbox 78 343 188 404; x_wconf 85' lang='lat' dir='ltr'><strong>artem</strong></span> <span class='ocrx_word' id='word_1_5' title='bbox 208 360 276 402; x_wconf 91' lang='lat' dir='ltr'><strong>csse</strong></span> <span class='ocrx_word' id='word_1_6' title='bbox 295 338 462 420; x_wconf 87' lang='lat' dir='ltr'><strong>probatur,</strong></span> <span class='ocrx_word' id='word_1_7' title='bbox 480 337 602 423; x_wconf 92' lang='lat' dir='ltr'><strong>legitur</strong></span> <span class='ocrx_word' id='word_1_8' title='bbox 620 339 672 423; x_wconf 85' lang='lat'><strong>31,</strong></span> <span class='ocrx_word' id='word_1_9' title='bbox 689 341 790 424; x_wconf 82' lang='lat'><strong>3-73</strong></span> <span class='ocrx_word' id='word_1_10' title='bbox 814 338 915 403; x_wconf 88' lang='lat' dir='ltr'><strong>altera</strong></span> <span class='ocrx_word' id='word_1_11' title='bbox 934 340 987 423; x_wconf 82' lang='lat'><strong>35,</strong></span> <span class='ocrx_word' id='word_1_12' title='bbox 1003 341 1104 424; x_wconf 76' lang='lat'>1-53</span> 
     </span>
     <span class='ocr_line' id='line_1_3' title="bbox 82 443 1104 531; baseline 0.008 -29"><span class='ocrx_word' id='word_1_13' title='bbox 82 443 183 508; x_wconf 87' lang='lat' dir='ltr'><strong>tertia</strong></span> <span class='ocrx_word' id='word_1_14' title='bbox 197 445 250 528; x_wconf 86' lang='lat'><strong>36,</strong></span> <span class='ocrx_word' id='word_1_15' title='bbox 264 445 409 528; x_wconf 75' lang='lat'><strong>24-283</strong></span> <span class='ocrx_word' id='word_1_16' title='bbox 433 449 548 527; x_wconf 90' lang='lat' dir='ltr'><strong>quarta</strong></span> <span class='ocrx_word' id='word_1_17' title='bbox 562 446 614 528; x_wconf 85' lang='lat'><strong>40,</strong></span> <span class='ocrx_word' id='word_1_18' title='bbox 631 447 773 530; x_wconf 77' lang='lat'><strong>18-243</strong></span> <span class='ocrx_word' id='word_1_19' title='bbox 798 445 911 530; x_wconf 89' lang='lat' dir='ltr'><strong>quinta</strong></span> <span class='ocrx_word' id='word_1_20' title='bbox 926 448 978 531; x_wconf 73' lang='lat'><strong>42,</strong></span> <span class='ocrx_word' id='word_1_21' title='bbox 993 447 1104 512; x_wconf 83' lang='lat'>5-10</span> 
     </span>
     <span class='ocr_line' id='line_1_4' title="bbox 85 552 705 634; baseline 0.008 -23"><span class='ocrx_word' id='word_1_22' title='bbox 85 553 120 613; x_wconf 91' lang='lat' dir='ltr'><strong>et</strong></span> <span class='ocrx_word' id='word_1_23' title='bbox 146 552 289 634; x_wconf 75' lang='lat'>12-163</span> <span class='ocrx_word' id='word_1_24' title='bbox 313 553 405 615; x_wconf 90' lang='lat' dir='ltr'><strong>sexta</strong></span> <span class='ocrx_word' id='word_1_25' title='bbox 427 552 640 633; x_wconf 78' lang='lat'><strong>44,16-21.</strong></span> <span class='ocrx_word' id='word_1_26' title='bbox 667 589 705 599; x_wconf 93' lang='lat'><em>-</em></span> 
     </span>
    </p>

    <p class='ocr_par' dir='ltr' id='par_1_3' title="bbox 88 657 1106 1274">
     <span class='ocr_line' id='line_1_5' title="bbox 155 657 1105 744; baseline 0.002 -22"><span class='ocrx_word' id='word_1_27' title='bbox 155 658 242 735; x_wconf 79' lang='lat' dir='ltr'><strong>Quae</strong></span> <span class='ocrx_word' id='word_1_28' title='bbox 261 657 409 740; x_wconf 86' lang='lat' dir='ltr'><strong>proxima</strong></span> <span class='ocrx_word' id='word_1_29' title='bbox 428 662 520 741; x_wconf 93' lang='lat' dir='ltr'><strong>parte</strong></span> <span class='ocrx_word' id='word_1_30' title='bbox 539 659 592 743; x_wconf 93' lang='lat'><strong>47,</strong></span> <span class='ocrx_word' id='word_1_31' title='bbox 608 658 748 740; x_wconf 86' lang='lat'><strong>17—68,</strong></span> <span class='ocrx_word' id='word_1_32' title='bbox 765 660 781 721; x_wconf 89' lang='lat'>1</span> <span class='ocrx_word' id='word_1_33' title='bbox 799 663 911 723; x_wconf 89' lang='lat' dir='ltr'><strong>contra</strong></span> <span class='ocrx_word' id='word_1_34' title='bbox 924 659 1105 744; x_wconf 90' lang='lat' dir='ltr'><strong>Epicureos</strong></span> 
     </span>
     <span class='ocr_line' id='line_1_6' title="bbox 89 763 1106 848; baseline 0.005 -22"><span class='ocrx_word' id='word_1_35' title='bbox 89 764 304 848; x_wconf 88' lang='lat' dir='ltr'><strong>disputantur,</strong></span> <span class='ocrx_word' id='word_1_36' title='bbox 328 763 362 828; x_wconf 90' lang='lat' dir='ltr'><strong>in</strong></span> <span class='ocrx_word' id='word_1_37' title='bbox 386 786 423 829; x_wconf 93' lang='lat' dir='ltr'><strong>eo</strong></span> <span class='ocrx_word' id='word_1_38' title='bbox 447 763 592 829; x_wconf 84' lang='lat' dir='ltr'>maxime.</span> <span class='ocrx_word' id='word_1_39' title='bbox 609 767 787 848; x_wconf 79' lang='lat' dir='ltr'><strong>versantur,</strong></span> <span class='ocrx_word' id='word_1_40' title='bbox 811 763 897 846; x_wconf 91' lang='lat' dir='ltr'><strong>quod</strong></span> <span class='ocrx_word' id='word_1_41' title='bbox 916 765 1106 848; x_wconf 74' lang='lat' dir='ltr'><strong>rhetoricae,</strong></span> 
     </span>
     <span class='ocr_line' id='line_1_7' title="bbox 88 867 1105 954; baseline 0 -20"><span class='ocrx_word' id='word_1_42' title='bbox 88 869 293 953; x_wconf 70' lang='lat' dir='ltr'><strong>sophisticae,</strong></span> <span class='ocrx_word' id='word_1_43' title='bbox 316 870 469 954; x_wconf 84' lang='lat' dir='ltr'><strong>politicae</strong></span> <span class='ocrx_word' id='word_1_44' title='bbox 492 869 642 935; x_wconf 88' lang='lat' dir='ltr'><strong>notiones</strong></span> <span class='ocrx_word' id='word_1_45' title='bbox 664 891 730 933; x_wconf 90' lang='lat' dir='ltr'><strong>non</strong></span> <span class='ocrx_word' id='word_1_46' title='bbox 752 867 832 933; x_wconf 90' lang='lat' dir='ltr'><strong>satis</strong></span> <span class='ocrx_word' id='word_1_47' title='bbox 855 869 1105 954; x_wconf 85' lang='lat' dir='ltr'><strong>distinguantur.</strong></span> 
     </span>
     <span class='ocr_line' id='line_1_8' title="bbox 90 974 1105 1059; baseline -0.002 -19"><span class='ocrx_word' id='word_1_48' title='bbox 90 975 228 1040; x_wconf 91' lang='lat' dir='ltr'><strong>Interest</strong></span> <span class='ocrx_word' id='word_1_49' title='bbox 265 981 374 1041; x_wconf 90' lang='lat' dir='ltr'><strong>autem</strong></span> <span class='ocrx_word' id='word_1_50' title='bbox 409 976 495 1041; x_wconf 86' lang='lat' dir='ltr'><strong>inter</strong></span> <span class='ocrx_word' id='word_1_51' title='bbox 527 980 651 1041; x_wconf 90' lang='lat' dir='ltr'><strong>ceteros</strong></span> <span class='ocrx_word' id='word_1_52' title='bbox 684 980 717 1039; x_wconf 88' lang='lat' dir='ltr'><strong>et</strong></span> <span class='ocrx_word' id='word_1_53' title='bbox 748 975 929 1059; x_wconf 88' lang='lat' dir='ltr'><strong>Bromium,</strong></span> <span class='ocrx_word' id='word_1_54' title='bbox 966 974 1105 1039; x_wconf 90' lang='lat' dir='ltr'><strong>amicum</strong></span> 
     </span>
     <span class='ocr_line' id='line_1_9' title="bbox 88 1080 1104 1168; baseline 0 -23"><span class='ocrx_word' id='word_1_55' title='bbox 88 1081 283 1168; x_wconf 91' lang='lat' dir='ltr'><strong>Philodemi,</strong></span> <span class='ocrx_word' id='word_1_56' title='bbox 316 1103 453 1167; x_wconf 88' lang='lat' dir='ltr'><strong>quorum</strong></span> <span class='ocrx_word' id='word_1_57' title='bbox 481 1081 530 1146; x_wconf 91' lang='lat' dir='ltr'><strong>illi</strong></span> <span class='ocrx_word' id='word_1_58' title='bbox 557 1104 623 1146; x_wconf 93' lang='lat' dir='ltr'><strong>non</strong></span> <span class='ocrx_word' id='word_1_59' title='bbox 650 1081 697 1146; x_wconf 91' lang='lat' dir='ltr'><strong>ita</strong></span> <span class='ocrx_word' id='word_1_60' title='bbox 724 1082 863 1146; x_wconf 91' lang='lat' dir='ltr'><strong>multum</strong></span> <span class='ocrx_word' id='word_1_61' title='bbox 891 1083 932 1146; x_wconf 89' lang='lat' dir='ltr'><strong>ab</strong></span> <span class='ocrx_word' id='word_1_62' title='bbox 956 1080 1104 1165; x_wconf 83' lang='lat' dir='ltr'><strong>Epicuro</strong></span> 
     </span>
     <span class='ocr_line' id='line_1_10' title="bbox 90 1184 974 1274; baseline 0.001 -22"><span class='ocrx_word' id='word_1_63' title='bbox 90 1184 259 1253; x_wconf 77' lang='lat' dir='ltr'><strong>dissentire</strong></span> <span class='ocrx_word' id='word_1_64' title='bbox 283 1189 441 1274; x_wconf 82' lang='lat' dir='ltr'><strong>videntur,</strong></span> <span class='ocrx_word' id='word_1_65' title='bbox 463 1189 516 1253; x_wconf 86' lang='lat' dir='ltr'><strong>hic</strong></span> <span class='ocrx_word' id='word_1_66' title='bbox 539 1190 606 1254; x_wconf 86' lang='lat' dir='ltr'><strong>fere</strong></span> <span class='ocrx_word' id='word_1_67' title='bbox 630 1188 782 1253; x_wconf 91' lang='lat' dir='ltr'><strong>omnibus</strong></span> <span class='ocrx_word' id='word_1_68' title='bbox 805 1188 974 1273; x_wconf 88' lang='lat' dir='ltr'><strong>discrepat.</strong></span> 
     </span>
    </p>

    <p class='ocr_par' dir='ltr' id='par_1_4' title="bbox 90 1293 1109 2443">
     <span class='ocr_line' id='line_1_11' title="bbox 155 1293 1105 1380; baseline -0.003 -22"><span class='ocrx_word' id='word_1_69' title='bbox 155 1293 224 1359; x_wconf 93' lang='lat' dir='ltr'><strong>Iam</strong></span> <span class='ocrx_word' id='word_1_70' title='bbox 243 1295 345 1360; x_wconf 85' lang='lat' dir='ltr'><strong>altera</strong></span> <span class='ocrx_word' id='word_1_71' title='bbox 362 1296 459 1361; x_wconf 91' lang='lat' dir='ltr'><strong>huius</strong></span> <span class='ocrx_word' id='word_1_72' title='bbox 478 1295 556 1361; x_wconf 90' lang='lat' dir='ltr'><strong>libri</strong></span> <span class='ocrx_word' id='word_1_73' title='bbox 576 1300 668 1380; x_wconf 85' lang='lat' dir='ltr'><strong>parte</strong></span> <span class='ocrx_word' id='word_1_74' title='bbox 687 1295 827 1380; x_wconf 91' lang='lat' dir='ltr'><strong>scriptor</strong></span> <span class='ocrx_word' id='word_1_75' title='bbox 841 1317 915 1360; x_wconf 86' lang='lat' dir='ltr'><strong>suas</strong></span> <span class='ocrx_word' id='word_1_76' title='bbox 930 1293 1105 1360; x_wconf 88' lang='lat' dir='ltr'><strong>sententias</strong></span> 
     </span>
     <span class='ocr_line' id='line_1_12' title="bbox 91 1399 1106 1486; baseline -0.002 -21"><span class='ocrx_word' id='word_1_77' title='bbox 91 1402 224 1485; x_wconf 86' lang='lat' dir='ltr'><strong>profert.</strong></span> <span class='ocrx_word' id='word_1_78' title='bbox 273 1399 312 1466; x_wconf 93' lang='lat' dir='ltr'><strong>In</strong></span> <span class='ocrx_word' id='word_1_79' title='bbox 344 1424 408 1486; x_wconf 93' lang='lat' dir='ltr'><strong>quo</strong></span> <span class='ocrx_word' id='word_1_80' title='bbox 437 1425 510 1467; x_wconf 91' lang='lat' dir='ltr'><strong>cum</strong></span> <span class='ocrx_word' id='word_1_81' title='bbox 538 1407 723 1486; x_wconf 80' lang='lat' dir='ltr'><strong>quaeratur,</strong></span> <span class='ocrx_word' id='word_1_82' title='bbox 756 1402 840 1466; x_wconf 89' lang='lat' dir='ltr'><strong>sitne</strong></span> <span class='ocrx_word' id='word_1_83' title='bbox 867 1400 1027 1466; x_wconf 90' lang='lat' dir='ltr'><strong>rhetorica</strong></span> <span class='ocrx_word' id='word_1_84' title='bbox 1055 1421 1106 1463; x_wconf 91' lang='lat' dir='ltr'><strong>ars</strong></span> 
     </span>
     <span class='ocr_line' id='line_1_13' title="bbox 90 1505 1107 1593; baseline -0.001 -21"><span class='ocrx_word' id='word_1_85' title='bbox 90 1529 199 1591; x_wconf 89' lang='lat' dir='ltr'><strong>necne,</strong></span> <span class='ocrx_word' id='word_1_86' title='bbox 222 1507 300 1592; x_wconf 92' lang='lat' dir='ltr'><strong>quid</strong></span> <span class='ocrx_word' id='word_1_87' title='bbox 318 1508 362 1574; x_wconf 90' lang='lat' dir='ltr'><strong>sit</strong></span> <span class='ocrx_word' id='word_1_88' title='bbox 380 1530 440 1593; x_wconf 89' lang='lat' dir='ltr'><strong>ars,</strong></span> <span class='ocrx_word' id='word_1_89' title='bbox 464 1508 631 1592; x_wconf 88' lang='lat' dir='ltr'><strong>aptissime</strong></span> <span class='ocrx_word' id='word_1_90' title='bbox 651 1507 809 1572; x_wconf 85' lang='lat' dir='ltr'><strong>definitur.</strong></span> <span class='ocrx_word' id='word_1_91' title='bbox 842 1505 980 1571; x_wconf 84' lang='lat' dir='ltr'><strong>Abieota</strong></span> <span class='ocrx_word' id='word_1_92' title='bbox 999 1511 1107 1571; x_wconf 88' lang='lat' dir='ltr'><strong>autem</strong></span> 
     </span>
     <span class='ocr_line' id='line_1_14' title="bbox 90 1611 1107 1699; baseline -0.001 -23"><span class='ocrx_word' id='word_1_93' title='bbox 90 1613 147 1676; x_wconf 89' lang='lat' dir='ltr'><strong>illa</strong></span> <span class='ocrx_word' id='word_1_94' title='bbox 173 1614 297 1699; x_wconf 86' lang='lat' dir='ltr'><strong>volgari</strong></span> <span class='ocrx_word' id='word_1_95' title='bbox 326 1636 400 1679; x_wconf 82' lang='lat' dir='ltr'><strong>vera</strong></span> <span class='ocrx_word' id='word_1_96' title='bbox 428 1636 479 1679; x_wconf 89' lang='lat' dir='ltr'><strong>ars</strong></span> <span class='ocrx_word' id='word_1_97' title='bbox 506 1615 567 1679; x_wconf 89' lang='lat' dir='ltr'><strong>hac</strong></span> <span class='ocrx_word' id='word_1_98' title='bbox 595 1613 781 1678; x_wconf 87' lang='lat' dir='ltr'><strong>definitione</strong></span> <span class='ocrx_word' id='word_1_99' title='bbox 805 1611 1029 1698; x_wconf 87' lang='lat' dir='ltr'><strong>distinguitur:</strong></span> <span class='ocrx_word' id='word_1_100' title='bbox 1058 1616 1107 1677; x_wconf 90' lang='lat' dir='ltr'><strong>est</strong></span> 
     </span>
     <span class='ocr_line' id='line_1_15' title="bbox 91 1719 1102 1806; baseline -0.001 -22"><span class='ocrx_word' id='word_1_101' title='bbox 91 1720 176 1784; x_wconf 90' lang='lat' dir='ltr'><strong>enim</strong></span> <span class='ocrx_word' id='word_1_102' title='bbox 199 1719 264 1798; x_wconf 77' lang='grc' dir='ltr'><em>ἕξις</em></span> <span class='ocrx_word' id='word_1_103' title='bbox 287 1720 307 1805; x_wconf 75' lang='grc' dir='ltr'><strong><em>ἣ</em></strong></span> <span class='ocrx_word' id='word_1_104' title='bbox 332 1721 484 1798; x_wconf 74' lang='grc' dir='ltr'><em>διάθεσις</em></span> <span class='ocrx_word' id='word_1_105' title='bbox 504 1720 569 1788; x_wconf 79' lang='grc' dir='ltr'><strong>ἀπὸ</strong></span> <span class='ocrx_word' id='word_1_106' title='bbox 587 1723 841 1806; x_wconf 75' lang='grc' dir='ltr'><strong><em>παρατηρήσεως</em></strong></span> <span class='ocrx_word' id='word_1_107' title='bbox 859 1731 960 1786; x_wconf 84' lang='grc' dir='ltr'><em>τινῶν</em></span> <span class='ocrx_word' id='word_1_108' title='bbox 979 1729 1102 1785; x_wconf 83' lang='grc' dir='ltr'><em>κοινῶν</em></span> 
     </span>
     <span class='ocr_line' id='line_1_16' title="bbox 91 1824 1104 1912; baseline -0.001 -21"><span class='ocrx_word' id='word_1_109' title='bbox 91 1825 146 1891; x_wconf 83' lang='grc' dir='ltr'><strong>καὶ</strong></span> <span class='ocrx_word' id='word_1_110' title='bbox 183 1829 419 1912; x_wconf 80' lang='grc' dir='ltr'><em>στοιχειωδῶν,</em></span> <span class='ocrx_word' id='word_1_111' title='bbox 457 1828 478 1893; x_wconf 81' lang='grc' dir='ltr'>ἃ</span> <span class='ocrx_word' id='word_1_112' title='bbox 516 1829 571 1893; x_wconf 76' lang='lat' dir='ltr'><strong>dade</strong></span> <span class='ocrx_word' id='word_1_113' title='bbox 608 1830 773 1893; x_wconf 79' lang='grc' dir='ltr'><em>πλειόνων</em></span> <span class='ocrx_word' id='word_1_114' title='bbox 810 1828 916 1910; x_wconf 80' lang='grc' dir='ltr'><em>διήκει</em></span> <span class='ocrx_word' id='word_1_115' title='bbox 950 1837 1017 1891; x_wconf 84' lang='grc' dir='ltr'><strong>τῶν</strong></span> <span class='ocrx_word' id='word_1_116' title='bbox 1052 1824 1104 1890; x_wconf 83' lang='grc' dir='ltr'><strong>ἐπὶ</strong></span> 
     </span>
     <span class='ocr_line' id='line_1_17' title="bbox 92 1930 1102 2019; baseline -0.001 -22"><span class='ocrx_word' id='word_1_117' title='bbox 92 1930 214 2018; x_wconf 79' lang='grc' dir='ltr'><strong><em>μέρους</em></strong></span> <span class='ocrx_word' id='word_1_118' title='bbox 241 1933 537 2019; x_wconf 77' lang='grc' dir='ltr'><em>καταλαμβάνουσά</em></span> <span class='ocrx_word' id='word_1_119' title='bbox 564 1957 599 1999; x_wconf 83' lang='grc' dir='ltr'><strong>τε</strong></span> <span class='ocrx_word' id='word_1_120' title='bbox 628 1931 683 1999; x_wconf 83' lang='grc' dir='ltr'><strong>καὶ</strong></span> <span class='ocrx_word' id='word_1_121' title='bbox 711 1938 916 1999; x_wconf 78' lang='grc' dir='ltr'><em>συντελοῠσοι</em></span> <span class='ocrx_word' id='word_1_122' title='bbox 938 1941 1102 2015; x_wconf 84' lang='grc' dir='ltr'><em>τοιοῦτον,</em></span> 
     </span>
     <span class='ocr_line' id='line_1_18' title="bbox 93 2031 1104 2126; baseline 0 -22"><span class='ocrx_word' id='word_1_123' title='bbox 93 2031 166 2105; x_wconf 87' lang='grc' dir='ltr'><em>οἷον</em></span> <span class='ocrx_word' id='word_1_124' title='bbox 203 2039 325 2124; x_wconf 81' lang='grc' dir='ltr'><em>ὁμοίως</em></span> <span class='ocrx_word' id='word_1_125' title='bbox 360 2050 426 2106; x_wconf 83' lang='grc' dir='ltr'><strong>τῶν</strong></span> <span class='ocrx_word' id='word_1_126' title='bbox 463 2043 520 2126; x_wconf 57' lang='grc' dir='ltr'><strong>μὴ7</strong></span> <span class='ocrx_word' id='word_1_127' title='bbox 540 2043 719 2126; x_wconf 76' lang='grc' dir='ltr'><em>μαθόντων</em></span> <span class='ocrx_word' id='word_1_128' title='bbox 751 2039 886 2124; x_wconf 72' lang='grc' dir='ltr'><strong>οὐθείς,</strong></span> <span class='ocrx_word' id='word_1_129' title='bbox 922 2037 1104 2124; x_wconf 77' lang='grc' dir='ltr'><em>ἑστηκότος</em></span> 
     </span>
     <span class='ocr_line' id='line_1_19' title="bbox 93 2144 1108 2233; baseline -0.004 -22"><span class='ocrx_word' id='word_1_130' title='bbox 93 2145 148 2211; x_wconf 80' lang='grc' dir='ltr'><strong>καὶ</strong></span> <span class='ocrx_word' id='word_1_131' title='bbox 177 2149 319 2231; x_wconf 82' lang='grc' dir='ltr'><strong><em>βεβαίως</em></strong></span> <span class='ocrx_word' id='word_1_132' title='bbox 350 2144 429 2212; x_wconf 74' lang='grc' dir='ltr'><em>οὐδὲ</em></span> <span class='ocrx_word' id='word_1_133' title='bbox 462 2158 681 2233; x_wconf 81' lang='grc' dir='ltr'><em>στοχαστικῶς</em></span> <span class='ocrx_word' id='word_1_134' title='bbox 713 2148 769 2231; x_wconf 86' lang='grc'><strong>69,</strong></span> <span class='ocrx_word' id='word_1_135' title='bbox 792 2147 924 2230; x_wconf 85' lang='grc'>5-70,</span> <span class='ocrx_word' id='word_1_136' title='bbox 949 2146 999 2211; x_wconf 82' lang='lat'><strong>15.</strong></span> <span class='ocrx_word' id='word_1_137' title='bbox 1050 2144 1108 2208; x_wconf 80' lang='lat' dir='ltr'><strong>Cui</strong></span> 
     </span>
     <span class='ocr_line' id='line_1_20' title="bbox 94 2251 1109 2337; baseline -0.001 -22"><span class='ocrx_word' id='word_1_138' title='bbox 94 2252 224 2334; x_wconf 90' lang='lat' dir='ltr'><strong>quidem</strong></span> <span class='ocrx_word' id='word_1_139' title='bbox 252 2253 431 2318; x_wconf 90' lang='lat' dir='ltr'><strong>definitioni</strong></span> <span class='ocrx_word' id='word_1_140' title='bbox 459 2254 637 2337; x_wconf 89' lang='lat' dir='ltr'><strong>sophistica</strong></span> <span class='ocrx_word' id='word_1_141' title='bbox 666 2252 836 2337; x_wconf 86' lang='lat' dir='ltr'><strong>satisfacit,</strong></span> <span class='ocrx_word' id='word_1_142' title='bbox 863 2274 928 2316; x_wconf 91' lang='lat' dir='ltr'><strong>non</strong></span> <span class='ocrx_word' id='word_1_143' title='bbox 951 2251 1109 2317; x_wconf 86' lang='lat' dir='ltr'><strong>satisfacit</strong></span> 
     </span>
     <span class='ocr_line' id='line_1_21' title="bbox 93 2357 544 2443; baseline 0.007 -24"><span class='ocrx_word' id='word_1_144' title='bbox 93 2357 234 2440; x_wconf 92' lang='lat' dir='ltr'><strong>politica.</strong></span> <span class='ocrx_word' id='word_1_145' title='bbox 282 2357 327 2421; x_wconf 77' lang='lat' dir='ltr'><strong>cf.</strong></span> <span class='ocrx_word' id='word_1_146' title='bbox 353 2360 544 2443; x_wconf 85' lang='lat' dir='ltr'><strong>76,11sqq.</strong></span> 
     </span>
    </p>

    <p class='ocr_par' dir='ltr' id='par_1_5' title="bbox 94 2461 1113 3610">
     <span class='ocr_line' id='line_1_22' title="bbox 161 2461 1109 2546; baseline 0.002 -21"><span class='ocrx_word' id='word_1_147' title='bbox 161 2461 318 2538; x_wconf 80' lang='lat' dir='ltr'><strong>Quoniam</strong></span> <span class='ocrx_word' id='word_1_148' title='bbox 346 2468 455 2528; x_wconf 87' lang='lat' dir='ltr'><strong>autem</strong></span> <span class='ocrx_word' id='word_1_149' title='bbox 477 2463 638 2546; x_wconf 89' lang='lat' dir='ltr'><strong>Epicureo</strong></span> <span class='ocrx_word' id='word_1_150' title='bbox 666 2487 777 2530; x_wconf 89' lang='lat' dir='ltr'><strong>verum</strong></span> <span class='ocrx_word' id='word_1_151' title='bbox 801 2466 1019 2529; x_wconf 89' lang='lat' dir='ltr'><strong>demonstrare</strong></span> <span class='ocrx_word' id='word_1_152' title='bbox 1042 2466 1109 2528; x_wconf 86' lang='lat' dir='ltr'><strong>fere</strong></span> 
     </span>
     <span class='ocr_line' id='line_1_23' title="bbox 94 2567 1110 2655; baseline 0.002 -24"><span class='ocrx_word' id='word_1_153' title='bbox 94 2567 180 2632; x_wconf 90' lang='lat' dir='ltr'><strong>idem</strong></span> <span class='ocrx_word' id='word_1_154' title='bbox 206 2572 375 2653; x_wconf 82' lang='lat' dir='ltr'><strong>astatque</strong></span> <span class='ocrx_word' id='word_1_155' title='bbox 399 2569 577 2653; x_wconf 81' lang='lat' dir='ltr'><strong>Epicurum</strong></span> <span class='ocrx_word' id='word_1_156' title='bbox 601 2571 691 2655; x_wconf 88' lang='lat' dir='ltr'><strong>sequi</strong></span> <span class='ocrx_word' id='word_1_157' title='bbox 716 2575 749 2635; x_wconf 91' lang='lat' dir='ltr'><strong>et</strong></span> <span class='ocrx_word' id='word_1_158' title='bbox 772 2571 971 2655; x_wconf 88' lang='lat' dir='ltr'><strong>coryphaeos</strong></span> <span class='ocrx_word' id='word_1_159' title='bbox 996 2575 1110 2652; x_wconf 87' lang='lat' dir='ltr'><strong>sectae,</strong></span> 
     </span>
     <span class='ocr_line' id='line_1_24' title="bbox 95 2675 1110 2762; baseline 0.002 -25"><span class='ocrx_word' id='word_1_160' title='bbox 95 2675 142 2738; x_wconf 91' lang='lat' dir='ltr'><strong>nil</strong></span> <span class='ocrx_word' id='word_1_161' title='bbox 166 2675 331 2761; x_wconf 90' lang='lat' dir='ltr'><strong>antiquius</strong></span> <span class='ocrx_word' id='word_1_162' title='bbox 354 2676 463 2762; x_wconf 89' lang='lat' dir='ltr'><strong>habet,</strong></span> <span class='ocrx_word' id='word_1_163' title='bbox 488 2699 584 2760; x_wconf 90' lang='lat' dir='ltr'><strong>quam</strong></span> <span class='ocrx_word' id='word_1_164' title='bbox 607 2683 644 2743; x_wconf 90' lang='lat' dir='ltr'><strong>ut</strong></span> <span class='ocrx_word' id='word_1_165' title='bbox 668 2678 817 2762; x_wconf 84' lang='lat' dir='ltr'><strong>exphcet,</strong></span> <span class='ocrx_word' id='word_1_166' title='bbox 841 2677 960 2762; x_wconf 91' lang='lat' dir='ltr'><strong>qu&#39;ibus</strong></span> <span class='ocrx_word' id='word_1_167' title='bbox 978 2677 1058 2741; x_wconf 88' lang='lat' dir='ltr'><strong>locis</strong></span> <span class='ocrx_word' id='word_1_168' title='bbox 1078 2680 1110 2740; x_wconf 91' lang='lat' dir='ltr'><strong>ct</strong></span> 
     </span>
     <span class='ocr_line' id='line_1_25' title="bbox 95 2782 1110 2870; baseline 0.002 -28"><span class='ocrx_word' id='word_1_169' title='bbox 95 2783 294 2865; x_wconf 85' lang='lat' dir='ltr'><strong>argumentis</strong></span> <span class='ocrx_word' id='word_1_170' title='bbox 317 2783 379 2848; x_wconf 92' lang='lat' dir='ltr'><strong>hoc</strong></span> <span class='ocrx_word' id='word_1_171' title='bbox 402 2783 451 2847; x_wconf 91' lang='lat' dir='ltr'><strong>illi</strong></span> <span class='ocrx_word' id='word_1_172' title='bbox 469 2783 591 2848; x_wconf 90' lang='lat' dir='ltr'><strong>Zenoni</strong></span> <span class='ocrx_word' id='word_1_173' title='bbox 615 2785 771 2870; x_wconf 92' lang='lat' dir='ltr'><strong>magistro</strong></span> <span class='ocrx_word' id='word_1_174' title='bbox 793 2785 937 2868; x_wconf 87' lang='lat' dir='ltr'><strong>proferre</strong></span> <span class='ocrx_word' id='word_1_175' title='bbox 956 2782 1017 2847; x_wconf 83' lang='lat' dir='ltr'><strong>visi</strong></span> <span class='ocrx_word' id='word_1_176' title='bbox 1037 2782 1110 2846; x_wconf 90' lang='lat' dir='ltr'><strong>sint.</strong></span> 
     </span>
     <span class='ocr_line' id='line_1_26' title="bbox 94 2885 1111 2975; baseline 0.003 -26"><span class='ocrx_word' id='word_1_177' title='bbox 94 2885 203 2970; x_wconf 84' lang='lat' dir='ltr'><strong>Atque</strong></span> <span class='ocrx_word' id='word_1_178' title='bbox 231 2887 392 2971; x_wconf 81' lang='lat' dir='ltr'><strong>Epicurus</strong></span> <span class='ocrx_word' id='word_1_179' title='bbox 424 2890 475 2953; x_wconf 80' lang='lat' dir='ltr'><strong>vel</strong></span> <span class='ocrx_word' id='word_1_180' title='bbox 506 2891 601 2975; x_wconf 92' lang='lat' dir='ltr'><strong>ipsis,</strong></span> <span class='ocrx_word' id='word_1_181' title='bbox 634 2891 753 2975; x_wconf 91' lang='lat' dir='ltr'><strong>quibus</strong></span> <span class='ocrx_word' id='word_1_182' title='bbox 785 2891 938 2954; x_wconf 90' lang='lat' dir='ltr'><strong>utebatur</strong></span> <span class='ocrx_word' id='word_1_183' title='bbox 968 2888 1111 2970; x_wconf 72' lang='lat' dir='ltr'><strong>vocibus</strong></span> 
     </span>
     <span class='ocr_line' id='line_1_27' title="bbox 97 2993 1111 3082; baseline 0.001 -26"><span class='ocrx_word' id='word_1_184' title='bbox 97 2993 173 3076; x_wconf 89' lang='lat' dir='ltr'><strong>quid</strong></span> <span class='ocrx_word' id='word_1_185' title='bbox 202 2995 351 3080; x_wconf 87' lang='lat' dir='ltr'><strong>senserit,</strong></span> <span class='ocrx_word' id='word_1_186' title='bbox 379 2996 553 3081; x_wconf 88' lang='lat' dir='ltr'><strong>significat,</strong></span> <span class='ocrx_word' id='word_1_187' title='bbox 585 2999 639 3082; x_wconf 87' lang='lat'><strong>78,</strong></span> <span class='ocrx_word' id='word_1_188' title='bbox 663 2998 781 3063; x_wconf 80' lang='lat'>2-19.</span> <span class='ocrx_word' id='word_1_189' title='bbox 830 2995 1049 3060; x_wconf 89' lang='lat' dir='ltr'><strong>Hermarchus</strong></span> <span class='ocrx_word' id='word_1_190' title='bbox 1076 2994 1111 3056; x_wconf 88' lang='lat' dir='ltr'><strong>in</strong></span> 
     </span>
     <span class='ocr_line' id='line_1_28' title="bbox 95 3098 1112 3185; baseline -0.002 -22"><span class='ocrx_word' id='word_1_191' title='bbox 95 3100 213 3165; x_wconf 89' lang='lat' dir='ltr'><strong>litteris</strong></span> <span class='ocrx_word' id='word_1_192' title='bbox 237 3101 277 3164; x_wconf 90' lang='lat' dir='ltr'><strong>ad</strong></span> <span class='ocrx_word' id='word_1_193' title='bbox 295 3100 518 3185; x_wconf 84' lang='lat' dir='ltr'><strong>Theophidam</strong></span> <span class='ocrx_word' id='word_1_194' title='bbox 542 3103 625 3167; x_wconf 93' lang='lat' dir='ltr'><strong>datis</strong></span> <span class='ocrx_word' id='word_1_195' title='bbox 649 3125 739 3167; x_wconf 89' lang='lat' dir='ltr'><strong>suam</strong></span> <span class='ocrx_word' id='word_1_196' title='bbox 758 3101 797 3165; x_wconf 89' lang='lat' dir='ltr'><strong>de</strong></span> <span class='ocrx_word' id='word_1_197' title='bbox 815 3101 994 3166; x_wconf 88' lang='lat' dir='ltr'><strong>rhetoricae</strong></span> <span class='ocrx_word' id='word_1_198' title='bbox 1013 3098 1112 3182; x_wconf 87' lang='lat' dir='ltr'><strong>parti·</strong></span> 
     </span>
     <span class='ocr_line' id='line_1_29' title="bbox 95 3205 1112 3294; baseline -0.002 -24"><span class='ocrx_word' id='word_1_199' title='bbox 95 3207 158 3271; x_wconf 86' lang='lat' dir='ltr'><strong>bus</strong></span> <span class='ocrx_word' id='word_1_200' title='bbox 191 3208 385 3272; x_wconf 88' lang='lat' dir='ltr'><strong>sententiam</strong></span> <span class='ocrx_word' id='word_1_201' title='bbox 417 3210 581 3294; x_wconf 86' lang='lat' dir='ltr'><strong>exposuit,</strong></span> <span class='ocrx_word' id='word_1_202' title='bbox 616 3212 671 3293; x_wconf 89' lang='grc'><strong>78,</strong></span> <span class='ocrx_word' id='word_1_203' title='bbox 701 3209 852 3292; x_wconf 83' lang='lat'><strong>19—85,</strong></span> <span class='ocrx_word' id='word_1_204' title='bbox 883 3210 923 3273; x_wconf 85' lang='lat'><strong>13</strong></span> <span class='ocrx_word' id='word_1_205' title='bbox 956 3205 1112 3293; x_wconf 66' lang='grc'>(16119).</span> 
     </span>
     <span class='ocr_line' id='line_1_30' title="bbox 96 3312 1113 3399; baseline 0 -24"><span class='ocrx_word' id='word_1_206' title='bbox 96 3312 296 3398; x_wconf 80' lang='lat' dir='ltr'><strong>Quamquam</strong></span> <span class='ocrx_word' id='word_1_207' title='bbox 323 3320 431 3379; x_wconf 87' lang='lat' dir='ltr'><strong>autem</strong></span> <span class='ocrx_word' id='word_1_208' title='bbox 458 3338 524 3380; x_wconf 92' lang='lat' dir='ltr'><strong>non</strong></span> <span class='ocrx_word' id='word_1_209' title='bbox 552 3316 660 3380; x_wconf 92' lang='lat' dir='ltr'><strong>omnia</strong></span> <span class='ocrx_word' id='word_1_210' title='bbox 687 3315 815 3381; x_wconf 89' lang='lat' dir='ltr'><strong>restitui</strong></span> <span class='ocrx_word' id='word_1_211' title='bbox 839 3317 1004 3399; x_wconf 90' lang='lat' dir='ltr'><strong>poterant,</strong></span> <span class='ocrx_word' id='word_1_212' title='bbox 1032 3313 1113 3376; x_wconf 91' lang='lat' dir='ltr'><strong>illud</strong></span> 
     </span>
     <span class='ocr_line' id='line_1_31' title="bbox 96 3421 1112 3505; baseline 0.004 -25"><span class='ocrx_word' id='word_1_213' title='bbox 96 3423 204 3482; x_wconf 89' lang='lat' dir='ltr'><strong>tamen</strong></span> <span class='ocrx_word' id='word_1_214' title='bbox 228 3426 365 3505; x_wconf 89' lang='lat' dir='ltr'><strong>apparet</strong></span> <span class='ocrx_word' id='word_1_215' title='bbox 384 3421 618 3487; x_wconf 90' lang='lat' dir='ltr'><strong>Hermarchum</strong></span> <span class='ocrx_word' id='word_1_216' title='bbox 641 3427 792 3487; x_wconf 92' lang='lat' dir='ltr'><strong>nontam</strong></span> <span class='ocrx_word' id='word_1_217' title='bbox 812 3422 1024 3505; x_wconf 88' lang='lat' dir='ltr'><strong>sophisticam</strong></span> <span class='ocrx_word' id='word_1_218' title='bbox 1043 3442 1112 3485; x_wconf 91' lang='lat' dir='ltr'><strong>esse</strong></span> 
     </span>
     <span class='ocr_line' id='line_1_32' title="bbox 96 3527 1113 3610; baseline 0.005 -24"><span class='ocrx_word' id='word_1_219' title='bbox 96 3529 197 3588; x_wconf 91' lang='lat' dir='ltr'><strong>artem</strong></span> <span class='ocrx_word' id='word_1_220' title='bbox 222 3549 318 3610; x_wconf 92' lang='lat' dir='ltr'><strong>quam</strong></span> <span class='ocrx_word' id='word_1_221' title='bbox 341 3527 423 3591; x_wconf 89' lang='lat' dir='ltr'><strong>nihil</strong></span> <span class='ocrx_word' id='word_1_222' title='bbox 448 3549 516 3593; x_wconf 90' lang='lat' dir='ltr'><strong>esse</strong></span> <span class='ocrx_word' id='word_1_223' title='bbox 540 3527 618 3592; x_wconf 93' lang='lat' dir='ltr'><strong>artis</strong></span> <span class='ocrx_word' id='word_1_224' title='bbox 641 3527 676 3591; x_wconf 93' lang='lat' dir='ltr'><strong>in</strong></span> <span class='ocrx_word' id='word_1_225' title='bbox 700 3528 868 3593; x_wconf 88' lang='lat' dir='ltr'><strong>causidicis</strong></span> <span class='ocrx_word' id='word_1_226' title='bbox 892 3534 925 3593; x_wconf 91' lang='lat' dir='ltr'><strong>et</strong></span> <span class='ocrx_word' id='word_1_227' title='bbox 949 3528 1113 3593; x_wconf 90' lang='lat' dir='ltr'><strong>contiona-</strong></span> 
     </span>
    </p>
   </div>
   <div class='ocr_carea' id='block_1_3' title="bbox 0 0 1192 3884">
    <p class='ocr_par' dir='ltr' id='par_1_6' title="bbox 0 0 1192 3884">
     <span class='ocr_line' id='line_1_33' title="bbox 0 0 1192 3884; baseline 0 0"><span class='ocrx_word' id='word_1_228' title='bbox 0 0 1192 3884; x_wconf 95' lang='lat' dir='ltr'><strong> </strong></span> 
     </span>
    </p>
   </div>
  </div>
 </body>
</html>
