2356 3884
502 200 546 210 -
591 173 680 227 XLVI
726 200 767 209 -

127 323 219 387 vanis
243 322 492 407 enthymematis
514 320 679 386 hominem
701 322 902 406 veriloquum
925 323 1063 409 fingunt,
1087 326 1142 407 qui

126 452 177 493 res
206 430 293 512 ipsas
316 428 492 512 respiciens
515 428 556 493 ad
578 429 756 512 perfectam
779 427 972 494 rhetoricam
995 429 1143 512 proxime

126 535 263 600 accedat.
314 535 406 612 Quod
435 534 642 621 physiologia
671 535 741 599 fieri
771 536 1043 601 contendunt
1080 535 1143 600 Sed

124 641 339 727 physiologus
361 641 397 705 in
419 641 469 726 iis,
493 662 574 725 quae
597 641 786 706 felicitatem
805 642 956 727 efficiant,
979 665 1054 706 vera
1073 665 1142 727 per·

126 749 250 831 spicere
273 770 339 813 non
362 752 481 832 potest,
506 748 627 832 quippe
652 748 708 831 qui
727 748 814 831 boni,
837 748 914 833 veri,
937 748 1015 812 iusti
1035 749 1142 834 cogni·

125 853 215 918 tione
235 855 369 919 orbatus
388 854 438 918 sit
471 853 540 919 Nee
559 857 704 937 apparet,
724 875 787 936 quo
805 857 902 937 pacto
921 876 961 918 ex
976 853 1142 917 universae

126 961 273 1024 veritatis
296 960 430 1025 scientia
453 960 488 1024 in
511 959 648 1045 singulis
671 981 783 1024 verum
806 959 952 1047 indagari
976 959 1080 1043 possit
1094 957 1141 1046 (?)

126 1063 347 1153 (VH-VIII).

192 1170 284 1247 Quod
315 1171 452 1255 denique
480 1171 522 1236 ab
552 1171 692 1237 universi
722 1171 948 1237 observatione
976 1172 1142 1256 profectus

124 1278 284 1341 forensem
312 1277 378 1342 vim
406 1282 439 1342 et
463 1277 651 1344 facultatem
675 1279 903 1344 diiudicatione
927 1278 1064 1363 quadam
1087 1277 1142 1341 eli·

125 1384 303 1469 gendarum
330 1383 596 1469 fugiendorumve
625 1386 708 1451 effici
736 1387 819 1470 vult,
846 1386 908 1450 hoc
935 1383 1067 1469 exsequi
1090 1384 1141 1447 de·

125 1490 234 1554 bebat.
279 1489 341 1554 Est
368 1491 454 1555 enim
482 1492 561 1558 satis
589 1493 777 1558 inauditum.
886 1489 948 1556 Sed
970 1512 1011 1555 ne
1034 1489 1142 1555 sciunt

125 1595 254 1678 quidem
277 1596 462 1684 physiologi
486 1598 520 1663 in
544 1599 765 1687 eligendorum
784 1603 817 1663 et
835 1597 1061 1684 fugiendorum
1080 1596 1141 1661 dis·

125 1702 267 1786 crimine,
291 1724 372 1786 quae
392 1703 432 1768 ad
450 1726 559 1770 veram
577 1706 766 1772 felicitatem
786 1706 913 1788 ducant,
936 1724 1081 1787 quaeque
1100 1703 1141 1765 ad

124 1830 240 1872 vanam
268 1830 360 1891 spem
389 1814 422 1873 et
445 1811 599 1896 speciem,
627 1813 766 1897 quidde
790 1809 912 1876 divitiis
933 1807 1140 1874 indicandum

124 1913 168 1979 sit
196 1917 255 1977 etc.
293 1911 383 2000 (nam
408 1915 487 1980 hacc
510 1922 586 1982 sunt
608 1916 820 2004 philosophi).
866 1915 1024 1996 Quoniam
1052 1913 1138 1978 enim

124 2020 285 2087 communi
305 2021 449 2086 omnium
468 2023 620 2107 opinione
635 2025 842 2111 physiologia
856 2045 875 2088 a
889 2045 996 2088 rerum
1010 2020 1140 2085 utilium

124 2134 157 2193 et
187 2129 227 2192 ad
256 2128 357 2193 vitam
384 2130 636 2196 necessariarum
663 2131 797 2195 scientia
824 2129 1011 2215 longissime
1039 2127 1141 2211 abest,

126 2234 179 2297 'lla
211 2234 284 2317 ipsa
314 2237 432 2318 exponi
466 2238 652 2320 oportebat,
685 2237 803 2318 quibus
836 2234 993 2318 expositis
1026 2232 1141 2296 eluxis-

124 2345 173 2404 set
205 2339 399 2403 rhetoricam
431 2344 558 2423 partem
587 2339 811 2424 physiologiae
838 2359 1042 2420 nequaquam
1071 2357 1140 2400 esse

123 2446 137 2534 i
191 2444 283 2629 Quoi}
306 2573 381 2615 vero
401 2554 503 2614 artem
522 2548 744 2633 persuadendi,
768 2567 895 2631 quoque
914 2545 994 2609 velit
1012 2545 1140 2610 audien·

125 2659 207 2724 tium
235 2658 359 2723 animos
387 2654 582 2742 perducendi
609 2652 720 2718 statim
743 2655 777 2715 et
799 2656 964 2735 tamquam
988 2651 1074 2716 ultro
1099 2675 1138 2717 ex

124 2764 331 2850 physiologia
341 2763 431 2828 nasci
443 2763 624 2846 profitetur,
636 2759 669 2824 id
682 2781 740 2843 per
752 2781 786 2822 se
797 2758 905 2842 ipsum
916 2757 1141 2823 labefactatur.

121 2871 207 2936 Nam
237 2871 292 2954 qui
320 2870 399 2935 talia
422 2867 559 2954 professi
582 2866 661 2932 artis
685 2865 943 2950 experimentum
966 2865 1001 2929 in
1023 2864 1140 2951 volgus

123 2977 255 3061 faciant,
283 2999 320 3040 eo
349 2976 421 3060 ipso
449 2978 626 3056 moment0,
655 2994 717 3056 quo
746 2971 885 3036 sentitur
908 2993 972 3056 ars,
1000 2971 1140 3035 artifices

123 3106 191 3148 esse
215 3082 415 3148 destiterunt.
456 3081 536 3146 Cum
558 3079 645 3144 enim
668 3078 799 3163 publice
822 3078 921 3141 verba
939 3077 988 3141 illi
1006 3076 1140 3160 faciunt,

123 3195 225 3254 artem
249 3187 460 3274 persuadendi
484 3188 688 3272 profitentur,
710 3208 776 3251 non
799 3188 907 3249 autem
926 3182 1138 3267 persuadendi

123 3300 156 3360 et
179 3319 244 3360 non
267 3294 407 3360 fallendi.
444 3293 506 3370 Qui
529 3315 604 3358 vero
628 3316 661 3358 se
685 3292 754 3357 falli
778 3290 931 3374 sentiunt,
955 3292 1067 3353 cavent
1091 3310 1138 3352 ca-

122 3403 289 3486 vendoque
313 3405 415 3466 artem
438 3399 563 3465 irritam
585 3399 730 3464 reddunt.
766 3397 880 3482 Itaque
905 3394 1140 3479 quodammodo

122 3509 288 3574 audientes
320 3508 398 3595 ipsi,
431 3529 504 3572 cum
536 3510 638 3571 artem
667 3504 856 3590 dispiciunt,
889 3501 1027 3566 artifices
1055 3502 1139 3564 fiunt
